=LDR  02186 am a22005894i 4500
=001  018337681
=003  Uk
=005  20170106042732.0
=006  m\\\\\o\\d\\\\\\\\
=007  cr\|||||||||||
=008  151214s1996\\\\ja\\\\\go\\\\\000\0\jpnod
=FMT  \\$a  BK
=020  \\$z4560057761
=020  \\$z9784560057766
=035  \\$a(OCoLC)932129270
=040  \\$aCNEAL$beng$cYUS$dOCLCO$dOCLCF$dUk$erda$epn
=041  1\$ajpn$hfre
=050  \4$aP41$b.C35165 1996
=100  1\$aCalvet, Louis-Jean,$d1942-$eauthor.
=240  10$aLangues v̌hiculaires.$lJapanese
=245  10$6880-01$aChō minzokugo /$cRui-Jan Karuve cho ; Hayashi Masahiro yaku.
=264  \1$6880-02$aTōkyō :$bHakusuisha,$c1996.
=300  \\$a1 online resource.
=336  \\$atext$btxt$2rdacontent
=337  \\$acomputer$bc$2rdamedia
=338  \\$aonline resource$bcr$2rdacarrier
=490  1\$6880-03$aBunko kuseju ;$v776
=500  \\$aTranslation of: Les langues v̌hiculaires.
=588  \\$aDescription based on print version.
=650  \0$aLanguage and languages.
=650  \0$aSociolinguistics.
=650  \7$aLanguage and languages.$2fast$0(OCoLC)fst00992154
=650  \7$aSociolinguistics.$2fast$0(OCoLC)fst01123847
=700  1\$6880-04$aHayashi, Masahiro,$d1950-
=773  0\$tJapanKnowledge
=776  08$iPrint version:$tChō minzokugo.
=830  \0$6880-05$aBunko kuseju$v776.
=856  40$3JapanKnowledge$uhttp://japanknowledge.com/lib/display/?lid=8021007760000$yJapanKnowledge Lib
=880  10$6245-01/{dollar}1$a超民族語 /$cルイ=ジャン・カルヴェ著 ; 林正寬 訳
=880  \1$6264-02/{dollar}1$a東京 :$b白水社,$c1996.
=880  1\$6490-03/{dollar}1$a文庫クセジュ ;$v776
=880  1\$6700-04/{dollar}1$a林, 正寬,$d1950-
=880  \0$6830-05/{dollar}1$a文庫クセジュ ;$v776.
=859  \\$aORR$bJapanKnowledge
=CAT  \\$aW1704-1242$b00$c20170509$lBLL01$h0926
=CAT  \\$aBATCH-UPD$b00$c20170509$lBLL01$h0927
=CAT  \\$aBATCH-UPD$b00$c20170509$lBLL01$h0935
=CAT  \\$aW2003-0365$c20200305$lBLL01$h1101
=FIN  \\$aY$d20170509
=SID  \\$aZ30$bOCLC
=SRC  \\$aJapanKnowledge_2017$bJK_OCLC20170203.mrc
=LAS  \\$aW2003-0365$b00$c20200305$lBLL01$h1101

