=LDR  02075 am a22005654i 4500
=001  018337682
=003  Uk
=005  20170106042733.0
=006  m\\\\\o\\d\\\\\\\\
=007  cr\|||||||||||
=008  151214s1973\\\\ja\\\\\\\b\\\\000\0\jpn\d
=FMT  \\$a  BK
=035  \\$a(OCoLC)932129335
=040  \\$aYUS$beng$cYUS$dOCLCO$dOCLCF$dUk$erda$epn
=041  1\$ajpn$hfre
=050  \4$aD141
=100  1\$aHambis, Louis,$eauthor.
=240  10$aAttila et les Huns.$lJapanese
=245  10$6880-01$aAtchira to Funzoku /$cRui Anbisu cho ; Anzai Kazuo yaku.
=264  \1$6880-02$aTōkyō :$bHakusuisha,$c1973.
=300  \\$a1 online resource.
=336  \\$atext$btxt$2rdacontent
=337  \\$acomputer$bc$2rdamedia
=338  \\$aonline resource$bcr$2rdacarrier
=490  1\$6880-03$aBunko kuseju ;$v536
=504  \\$aIncludes bibliographical references.
=588  \\$aDescription based on print version.
=600  00$aAttila,$d-453.
=600  07$aAttila,$d-453$2fast$0(OCoLC)fst01805681
=650  \0$aHuns.
=650  \7$aHuns.$2fast$0(OCoLC)fst00964118
=700  1\$6880-04,$aAnzai, Kazuo,$d1928-$etranslator.
=773  0\$tJapanKnowledge
=776  08$iPrint version:$tAtchira to funzoku.
=830  \0$6880-05$aBunko kuseju$v536.
=856  40$3JapanKnowledge$uhttp://japanknowledge.com/lib/display/?lid=8021005360000$yJapanKnowledge Lib
=880  10$6245-01/{dollar}1$aアッチラとフン族 /$cルイ・アンビス著 ; 安斎和雄訳.
=880  \1$6264-02/{dollar}1$a東京 :$b白水社,$c1973.
=880  1\$6490-03/{dollar}1$a文庫クセジュ ;$v536
=880  1\$6700-04/{dollar}1$a安斎和雄,$d1928-$etranslator.
=880  \0$6830-05/{dollar}1$a文庫クセジュ ;$v536.
=859  \\$aORR$bJapanKnowledge
=CAT  \\$aW1704-1242$b00$c20170509$lBLL01$h0927
=CAT  \\$aBATCH-UPD$b00$c20170509$lBLL01$h0927
=CAT  \\$aBATCH-UPD$b00$c20170509$lBLL01$h0935
=CAT  \\$aW2003-0365$c20200305$lBLL01$h1101
=FIN  \\$aY$d20170509
=SID  \\$aZ30$bOCLC
=SRC  \\$aJapanKnowledge_2017$bJK_OCLC20170203.mrc
=LAS  \\$aW2003-0365$b00$c20200305$lBLL01$h1101

