=LDR  02599 am a22006374i 4500
=001  018337683
=003  Uk
=005  20170106042733.0
=006  m\\\\\o\\d\\\\\\\\
=007  cr\|||||||||||
=008  160115s1973\\\\ja\\\\\\ob\\\\001\0\jpn\d
=FMT  \\$a  BK
=020  \\$z4560055262
=020  \\$z9784560055267
=035  \\$a(OCoLC)934799027
=040  \\$aSTF$beng$cYUS$dOCLCO$dYUS$dOCLCO$dOCLCF$dUk$erda$epn
=041  1\$ajpn$hfre
=050  \4$aP121$b.P427163 1973
=100  1\$aPerrot, Jean,$d1925-2011,$eauthor.
=240  10$aLinguistique.
=245  10$6880-01$aGengogaku /$cJean Perrot cho ; Takatsuka Yōtarō.
=264  \1$6880-02$aTōkyō :$bHakusuisha,$c1973.
=300  \\$a1 online resource.
=336  \\$atext$btxt$2rdacontent
=337  \\$acomputer$bc$2rdamedia
=338  \\$aonline resource$bcr$2rdacarrier
=490  1\$6880-03$aBunko kuseju ;$v526
=500  \\$aTranslation of: La linguistique. Paris : Presses universitaires de France, 1971.
=504  \\$aIncludes bibliographical references and indexes.
=588  \\$aDescription based on print version record.
=650  \7$aLinguistique.$2ram
=650  \0$aLinguistics.
=650  \0$aGrammar, Comparative and general.
=650  \7$aGrammar, Comparative and general.$2fast$0(OCoLC)fst00946126
=650  \7$aLinguistics.$2fast$0(OCoLC)fst00999202
=700  1\$6880-04,$aTakatsuka, Yōtarō,$d1923-$etranslator.
=730  0\$aLinguistique.
=773  0\$tJapanKnowledge
=776  08$6880-05$iPrint version:$aPerrot, Jean, 1925-2011.$sLinguistique. Japanese.$tGengogaku.$dTōkyō : Hakusuisha, 1973
=830  \0$6880-06$aBunko kuseju$v526.
=856  40$3JapanKnowledge$uhttp://japanknowledge.com/lib/display/?lid=8021005260000$yJapanKnowledge Lib
=880  10$6245-01$a言語学 /$cジャン・ペロ著 ; 高塚洋太郎[等]共訳.
=880  \1$6264-02$a東京 :$b白水社,$c1973.
=880  1\$6490-03$a文庫クセジュ ;$v526
=880  1\$6700-04$a高塚洋太郎,$d1923-$etranslator.
=880  08$6776-05$iPrint version:$aPerrot, Jean, 1925-2011.$sLinguistique. Japanese.$t言語学.$d東京 : 白水社, 1973$w(OCoLC)33561787
=880  \0$6830-06$a文庫クセジュ ;$v526.
=859  \\$aORR$bJapanKnowledge
=CAT  \\$aW1704-1242$b00$c20170509$lBLL01$h0927
=CAT  \\$aBATCH-UPD$b00$c20170509$lBLL01$h0927
=CAT  \\$aBATCH-UPD$b00$c20170509$lBLL01$h0935
=CAT  \\$aW2003-0365$c20200305$lBLL01$h1101
=FIN  \\$aY$d20170509
=SID  \\$aZ30$bOCLC
=SRC  \\$aJapanKnowledge_2017$bJK_OCLC20170203.mrc
=LAS  \\$aW2003-0365$b00$c20200305$lBLL01$h1101

