=LDR  01942 am a22005414i 4500
=001  018337684
=003  Uk
=005  20170106042733.0
=006  m\\\\\o\\d\\\\\\\\
=007  cr\|||||||||||
=008  151113s2006\\\\ja\\\\\\o\\\\\000\0\jpn\d
=FMT  \\$a  BK
=020  \\$z4560508976
=020  \\$z9784560508978
=035  \\$a(OCoLC)929030737
=040  \\$aYUS$beng$cYUS$dYUS$dOCLCO$dOCLCF$dUk$erda$epn
=041  1\$ajpn$hfre
=245  00$6880-01$aOfuro no rekishi /$cDominikku Rati cho ; Takatō Hiromi yaku.
=264  \1$6880-02$aTōkyō :$bHakusuisha,$c2006.
=300  \\$a1 online resource.
=336  \\$atext$btxt$2rdacontent
=337  \\$acomputer$bc$2rdamedia
=338  \\$aonline resource$bcr$2rdacarrier
=490  1\$6880-03$aBunko kuseju ;$v897
=588  \\$aDescription based on print version.
=650  \0$aBaths.
=650  \7$aBaths.$2fast$0(OCoLC)fst00828732
=700  1\$6880-04$aTakatō, Hiromi,$d1952-
=700  1\$aLaty, Dominique.
=730  0\$aHistoire des bains.
=773  0\$tJapanKnowledge
=776  08$iPrint version:$tOfuro no rekishi.
=830  \0$6880-05$aBunko kuseju$v897.
=856  40$3JapanKnowledge$uhttp://japanknowledge.com/lib/display/?lid=8021008970000$yJapanKnowledge Lib
=880  00$6245-01/{dollar}1$aお風呂の歴史 /$cドミニック・ラティ著 ; 高遠弘美訳.
=880  \1$6264-02/{dollar}1$a東京 :$b白水社,$c2006.
=880  1\$6490-03/{dollar}1$a文庫クセジュ ;$v897
=880  1\$6700-04/{dollar}1$a高遠弘美,$d1952-
=880  \0$6830-05/{dollar}1$a文庫クセジュ ;$v897.
=859  \\$aORR$bJapanKnowledge
=CAT  \\$aW1704-1242$b00$c20170509$lBLL01$h0927
=CAT  \\$aBATCH-UPD$b00$c20170509$lBLL01$h0927
=CAT  \\$aBATCH-UPD$b00$c20170509$lBLL01$h0935
=CAT  \\$aW2003-0365$c20200305$lBLL01$h1101
=FIN  \\$aY$d20170509
=SID  \\$aZ30$bOCLC
=SRC  \\$aJapanKnowledge_2017$bJK_OCLC20170203.mrc
=LAS  \\$aW2003-0365$b00$c20200305$lBLL01$h1101

