=LDR  02345 am a22005774i 4500
=001  018337685
=003  Uk
=005  20170106042734.0
=006  m\\\\\o\\d\\\\\\\\
=007  cr\|||||||||||
=008  160115s1986\\\\ja\\\\\\o\\\\\000\0\jpn\d
=FMT  \\$a  BK
=020  \\$z4560056749
=020  \\$z9784560056745
=035  \\$a(OCoLC)934799141
=040  \\$aSTF$beng$cYUS$dOCLCO$dYUS$dOCLCO$dOCLCF$dUk$erda$epn
=041  1\$ajpn$hfre
=100  1\$aBitsch, Marcel,$d1921-2011,$eauthor.
=240  10$aFugue.$lJapanese
=245  10$6880-01$aFūga /$cMaruseru Bitchi, Jan Bonfisu cho ; Yoden Yasuhiro yaku.
=264  \1$6880-02$aTōkyō :$bHakusuisha,$c1986.
=300  \\$a1 online resource.
=336  \\$atext$btxt$2rdacontent
=337  \\$acomputer$bc$2rdamedia
=338  \\$aonline resource$bcr$2rdacarrier
=490  1\$6880-03$aBunko kuseju ;$v674
=500  \\$aTranslation of: La fugue. Paris : Presses Universitaires de France, 1981.
=588  \\$aDescription based on print version record.
=650  \0$aFugue.
=650  \7$aFugue.$2fast$0(OCoLC)fst00935955
=700  1\$aBonfils, Jean,$d1921-2007,$eauthor.
=700  1\$6880-04$aYoden, Yasuhiro,$etranslator.
=773  0\$tJapanKnowledge
=776  08$6880-05$iPrint version:$aBitsch, Marcel, 1921-2011.$sFugue. Japanese.$tFūga.$dTōkyō : Hakusuisha, 1986
=830  \0$6880-06$aBunko kuseju$v674.
=856  40$3JapanKnowledge$uhttp://japanknowledge.com/lib/display/?lid=8021006740000$yJapanKnowledge Lib
=880  10$6245-01$aフーガ /$cマルセル・ビッチ, ジャン・ボンフィス著 ; 余田安広訳.
=880  \1$6264-02$a東京 :$b白水社,$c1986.
=880  1\$6490-03$a文庫クセジュ ;$v674
=880  1\$6700-04$a余田安広,$etranslator.
=880  08$6776-05$iPrint version:$aBitsch, Marcel, 1921-2011.$sFugue. Japanese.$tフーガ.$d東京 : 白水社, 1986$w(OCoLC)47370936
=880  \0$6830-06$a文庫クセジュ ;$v674.
=859  \\$aORR$bJapanKnowledge
=CAT  \\$aW1704-1242$b00$c20170509$lBLL01$h0927
=CAT  \\$aBATCH-UPD$b00$c20170509$lBLL01$h0927
=CAT  \\$aBATCH-UPD$b00$c20170509$lBLL01$h0935
=CAT  \\$aW2003-0365$c20200305$lBLL01$h1101
=FIN  \\$aY$d20170509
=SID  \\$aZ30$bOCLC
=SRC  \\$aJapanKnowledge_2017$bJK_OCLC20170203.mrc
=LAS  \\$aW2003-0365$b00$c20200305$lBLL01$h1101

