=LDR  02094 am a22005774i 4500
=001  018337686
=003  Uk
=005  20170106042734.0
=006  m\\\\\o\\d\\\\\\\\
=007  cr\|||||||||||
=008  151214s1996\\\\ja\\\\\gob\\\\000\0\jpn\d
=FMT  \\$a  BK
=020  \\$z456005780X
=020  \\$z9784560057803
=035  \\$a(OCoLC)932129294
=040  \\$aCNEAL$beng$cYUS$dOCLCO$dOCLCF$dUk$erda$epn
=041  1\$ajpn$hfre
=050  \4$aBF1032$b.C37165 1996
=100  1\$aCastellan, Yvonne,$eauthor.
=240  10$aParapsychologie.$lJapanese
=245  10$6880-01$aChō shinrigaku /$cIvonnu Kasuteran cho ; Tanaka Yoshihiro yaku.
=246  33$aParapsychologie.
=264  \1$aTōkyō :$bHakusuisha,$c1966.
=300  \\$a1 online resource.
=336  \\$atext$btxt$2rdacontent
=337  \\$acomputer$bc$2rdamedia
=338  \\$aonline resource$bcr$2rdacarrier
=490  1\$6880-02$aBunko kuseju ;$v780
=504  \\$aIncludes bibliographical references.
=588  \\$aDescription based on print version.
=650  \0$aParapsychology.
=650  \7$aParapsychology.$2fast$0(OCoLC)fst01053079
=700  1\$6880-03$aTanaka, Yoshihiro,$d1950-
=773  0\$tJapanKnowledge
=776  08$iPrint version:$tChōshinrigaku.
=830  \0$6880-04$aBunko kuseju$v780.
=856  40$3JapanKnowledge$uhttp://japanknowledge.com/lib/display/?lid=8021007800000$yJapanKnowledge Lib
=880  10$6245-01/{dollar}1$a超心理学 /$cイヴォンヌ・カステラン著 ; 田中義広訳
=880  \1$6264-00/{dollar}1$a東京 :$b白水社,$c1996.
=880  1\$6490-02/{dollar}1$a文庫クセジュ ;$v780
=880  1\$6700-03/{dollar}1$a田中, 義広,$d1950-
=880  \0$6830-04/{dollar}1$a文庫クセジュ ;$v780.
=859  \\$aORR$bJapanKnowledge
=CAT  \\$aW1704-1242$b00$c20170509$lBLL01$h0927
=CAT  \\$aBATCH-UPD$b00$c20170509$lBLL01$h0927
=CAT  \\$aBATCH-UPD$b00$c20170509$lBLL01$h0935
=CAT  \\$aW2003-0365$c20200305$lBLL01$h1101
=FIN  \\$aY$d20170509
=SID  \\$aZ30$bOCLC
=SRC  \\$aJapanKnowledge_2017$bJK_OCLC20170203.mrc
=LAS  \\$aW2003-0365$b00$c20200305$lBLL01$h1101

