=LDR  02397 am a22006254i 4500
=001  018337687
=003  Uk
=005  20170106042734.0
=006  m\\\\\o\\d\\\\\\\\
=007  cr\|||||||||||
=008  151214s1955\\\\ja\a\\\\\\\\\\000\0\jpn\d
=FMT  \\$a  BK
=035  \\$a(OCoLC)932129327
=040  \\$aYUS$beng$cYUS$dOCLCO$dUk$erda$epn
=041  1\$ajpn$hfre
=050  \4$aQC495
=100  1\$aBoll, Marcel,$d1886-1971,$eauthor.
=240  10$aSecret des couleurs.$lJapanese
=245  10$6880-01$aShikisai no himitsu /$cMaruseru Boru, Jan Durunyon kyōcho ; Inamura Yasuo, Nakahara Masayoshi kyōyaku.
=264  \1$6880-02$aTōkyō :$bHakusuisha,$c1955.
=300  \\$a1 online resource.
=336  \\$atext$btxt$2rdacontent
=337  \\$acomputer$bc$2rdamedia
=338  \\$aonline resource$bcr$2rdacarrier
=490  1\$6880-03$aBunko kuseju ;$v165
=500  \\$aTranslation of: Le secret des couleurs.
=588  \\$aDescription based on print version.
=650  \0$aColors.
=650  \0$aColorimetry.
=650  \0$aColor vision.
=650  \7$aColor vision.$2fast$0(OCoLC)fst00868676
=650  \7$aColorimetry.$2fast$0(OCoLC)fst00868731
=650  \7$aColors.$2fast$0(OCoLC)fst00868751
=700  1\$aDourgnon, Jean,$d1901-$eauthor.
=700  1\$6880-04$aInamura, Yasuo,$d1908-1967
=700  1\$6880-05$aNakahara, Masayoshi,$d1927-
=773  0\$tJapanKnowledge
=776  08$iPrint version:$tShikisai no himitsu.
=830  \0$6880-06$aBunko kuseju$v165.
=856  40$3JapanKnowledge$uhttp://japanknowledge.com/lib/display/?lid=8021001650000$yJapanKnowledge Lib
=880  10$6245-01/{dollar}1$a色彩の秘密 /$cマルセル・ボル, ジャン・ドゥルニョン共著 ; 稲村耕雄, 中原勝儼共訳.
=880  \1$6264-02/{dollar}1$a東京 :$b白水社,$c1955.
=880  1\$6490-03/{dollar}1$a文庫クセジュ ;$v165
=880  1\$6700-04/{dollar}1$a稲村耕雄,$d1908-1967.
=880  1\$6700-05/{dollar}1$a中原勝儼,$d1927-
=880  \0$6830-06/{dollar}1$a文庫クセジュ ;$v165.
=859  \\$aORR$bJapanKnowledge
=CAT  \\$aW1704-1242$b00$c20170509$lBLL01$h0927
=CAT  \\$aBATCH-UPD$b00$c20170509$lBLL01$h0927
=CAT  \\$aBATCH-UPD$b00$c20170509$lBLL01$h0935
=CAT  \\$aW2003-0365$c20200305$lBLL01$h1101
=FIN  \\$aY$d20170509
=SID  \\$aZ30$bOCLC
=SRC  \\$aJapanKnowledge_2017$bJK_OCLC20170203.mrc
=LAS  \\$aW2003-0365$b00$c20200305$lBLL01$h1101

