=LDR  02882 am a22006737a 4500
=001  018337688
=003  Uk
=005  20170106042735.0
=006  m\\\\\o\\d\\\\\\\\
=007  cr\|||||||||||
=008  101117s1997\\\\ja\\\\\\o\\\\\000\0\jpn\d
=FMT  \\$a  BK
=019  \\$a656229197
=020  \\$z4582806252
=020  \\$z9784582806250
=035  \\$a(OCoLC)682091966$z(OCoLC)656229197
=040  \\$aOCLCE$beng$cOCLCE$dOCLCQ$dCUS$dOCLCQ$dOCLCF$dOCLCQ$dOCLCO$dYUS$dOCLCO$dYUS$dOCLCO$dOCL$dOCLCQ$dYUS$dOCLCO$dUk$epn
=042  \\$adlr
=043  \\$aa-ja---
=050  \4$aPL726.6$b.K4823 1997
=084  \\$a910.261$2njb/9
=100  1\$6880-01$aKimura, Ki,$d1894-1979
=245  10$6880-02$aBungei tōzai nanboku :$bMeiji, Taishō bungaku shodanmen no shinkenkyū /$cKimura Ki cho ; Kōno Toshirō kaisetsu.
=250  \\$6880-03$aShohan.
=260  \\$6880-04$aTōkyō :$bHeibonsha,$c1997.
=300  \\$a1 online resource (350 pages).
=336  \\$atext$btxt$2rdacontent
=337  \\$acomputer$bc$2rdamedia
=338  \\$aonline resource$bcr$2rdacarrier
=490  1\$6880-05$aTōyō bunko ;$v625
=588  0\$aPrint version record.
=648  \7$a1868-1926$2fast
=650  \0$aJapanese literature$yMeiji period, 1868-1912$xHistory and criticism.
=650  \0$aJapanese literature$yTaishō period, 1912-1926$xHistory and criticism.
=650  \7$aJapanese literature$xMeiji period.$2fast$0(OCoLC)fst01710987
=650  \7$aJapanese literature$xTaishō period.$2fast$0(OCoLC)fst01711084
=650  07$6880-06$aNihon bungaku-Rekishi-Meiji jidai.$2jlabsh/3
=650  07$6880-07$aNihon bungaku-Rekishi-Taishō jidai.$2jlabsh/3
=655  \7$aCriticism, interpretation, etc.$2fast$0(OCoLC)fst01411635
=773  0\$tJapanKnowledge
=776  08$iPrint version:$aKimura, Ki, 1894-1979.$tBungei tōzai nanboku.$bShohan.$dTōkyō : Heibonsha, 1997
=830  \0$6880-08$aTōyō bunko$v625.
=856  40$3JapanKnowledge$uhttp://japanknowledge.com/lib/display/?lid=80010V0625P0002$yJapanKnowledge Lib
=880  1\$6100-01/{dollar}1$a木村毅,$d1894-1979.
=880  10$6245-02/{dollar}1$a文芸東西南北 :$b明治・大正文学諸断面の新研究 /$c木村毅著 ; 紅野敏郎解說.
=880  \\$6250-03/{dollar}1$a初版.
=880  \\$6260-04/{dollar}1$a東京 :$b平凡社,$c1997.
=880  1\$6490-05/{dollar}1$a東洋文庫 ;$v625
=880  07$6650-06/{dollar}1$a日本文学-歴史-明治時代.$2jlabsh/3
=880  07$6650-07/{dollar}1$a日本文学-歴史-大正時代.$2jlabsh/3
=880  \0$6830-08/{dollar}1$a東洋文庫 ;$v625.
=859  \\$aORR$bJapanKnowledge
=CAT  \\$aW1704-1242$b00$c20170509$lBLL01$h0927
=CAT  \\$aBATCH-UPD$b00$c20170509$lBLL01$h0927
=CAT  \\$aW2003-0365$c20200305$lBLL01$h1101
=FIN  \\$aY$d20170509
=SID  \\$aZ30$bOCLC
=SRC  \\$aJapanKnowledge_2017$bJK_OCLC20170203.mrc
=LAS  \\$aW2003-0365$b00$c20200305$lBLL01$h1101

