=LDR  02106 am a22005654i 4500
=001  018337689
=003  Uk
=005  20170106042735.0
=006  m\\\\\o\\d\\\\\\\\
=007  cr\|||||||||||
=008  151214s1995\\\\ja\\\\\\o\\\\\000\0\jpn\d
=FMT  \\$a  BK
=020  \\$z4560057702
=020  \\$z9784560057704
=035  \\$a(OCoLC)932129269
=040  \\$aCNEAL$beng$cYUS$dOCLCO$dOCLCF$dUk$erda$epn
=041  1\$ajpn$hfre
=050  \4$aGC1085$b.B455165 1995
=100  1\$aBellan, Gérard,$eauthor.
=240  10$aPollution des mers.$lJapanese
=245  10$6880-01$aUmi no osen /$cJerāru Beran, Jan-Marī Perusu [cho] ; Takada Haruhiko yaku.
=264  \1$6880-02$aTōkyō :$bHakusuisha,$c1995.
=300  \\$a1 online resource.
=336  \\$atext$btxt$2rdacontent
=337  \\$acomputer$bc$2rdamedia
=338  \\$aonline resource$bcr$2rdacarrier
=490  1\$6880-03$aBunko kuseju ;$v770
=500  \\$aTranslation of: La pollution des mers.
=588  \\$aDescription based on print version.
=650  \0$aMarine pollution.
=650  \7$aMarine pollution.$2fast$0(OCoLC)fst01009826
=700  1\$aPérès, Jean-Marie,$d1915-
=700  1\$6880-04$aTakada, Haruhiko,$d1936-
=773  0\$tJapanKnowledge
=776  08$iPrint version:$tUmi no osen.
=830  \0$6880-05$aBunko kuseju$v770.
=856  40$3JapanKnowledge$uhttp://japanknowledge.com/lib/display/?lid=8021007700000$yJapanKnowledge Lib
=880  10$6245-01/{dollar}1$a海の污染 /$cジェラール・ベラン,ジャン=マリー・ペレス[著] ; 高田治彦訳.
=880  \1$6264-02/{dollar}1$a東京 :$b白水社,$c1995.
=880  1\$6490-03/{dollar}1$a文庫クセジュ ;$v770
=880  1\$6700-04/{dollar}1$a高田治彦,$d1936-
=880  \0$6830-05/{dollar}1$a文庫クセジュ ;$v770.
=859  \\$aORR$bJapanKnowledge
=CAT  \\$aW1704-1242$b00$c20170509$lBLL01$h0927
=CAT  \\$aBATCH-UPD$b00$c20170509$lBLL01$h0927
=CAT  \\$aW2003-0365$c20200305$lBLL01$h1101
=FIN  \\$aY$d20170509
=SID  \\$aZ30$bOCLC
=SRC  \\$aJapanKnowledge_2017$bJK_OCLC20170203.mrc
=LAS  \\$aW2003-0365$b00$c20200305$lBLL01$h1101

