=LDR  02565 am a22006497a 4500
=001  018337690
=003  Uk
=005  20170106042735.0
=006  m\\\\\o\\d\\\\\\\\
=007  cr\|||||||||||
=008  100418s1990\\\\ja\a\\\\ob\\\\000\0\jpn\d
=FMT  \\$a  BK
=020  \\$z4582805124
=020  \\$z9784582805123
=035  \\$a(OCoLC)607899233
=040  \\$aOCLCE$beng$cOCLCE$dOCLCQ$dCUS$dOCLCQ$dOCLCF$dYUS$dOCLCO$dYUS$dOCLCO$dOCLCQ$dYUS$dOCLCO$dUk$epn
=041  1\$ajpn$hchi
=050  \4$aBL1900.K624$bJ3 1990
=100  1\$6880-01$aGe, Hong,$d284-364
=240  10$6880-02$aBaopuzi.$pNei pian.$lJapanese
=245  10$6880-03$aHōbokushi.$pNaihen /$cKatsu Kō ; Honda Wataru yakuchū.
=246  3\$6880-04$aHōbokushi naihen
=250  \\$6880-05$aShohan.
=260  \\$6880-06$aTōkyō :$bHeibonsha,$c1990.
=300  \\$a1 online resource (442, 16 pages) :$billustrations.
=336  \\$atext$btxt$2rdacontent
=337  \\$acomputer$bc$2rdamedia
=338  \\$aonline resource$bcr$2rdacarrier
=490  1\$6880-07$aTōyō bunko ;$v512
=504  \\$aIncludes bibliographical references.
=588  0\$aPrint version record.
=600  10$6880-08.$aGe, Hong,$d284-364$tBaopuzi.$pNei pian.
=630  07$aBaopuzi (Ge, Hong)$2fast$0(OCoLC)fst01363476
=700  1\$6880-09$aHonda, Wataru,$d1920-2009
=773  0\$tJapanKnowledge
=776  08$iPrint version:$aGe, Hong, 284-364.$sBaopu zi. Nei pian. Japanese.$tHōbokushi. Naihen.$bShohan.$dTōkyō : Heibonsha, 1990
=830  \0$6880-10$aTōyō bunko$v512.
=856  40$3JapanKnowledge$uhttp://japanknowledge.com/lib/display/?lid=80010V0512P0002$yJapanKnowledge Lib
=880  1\$6100-01/{dollar}1$a葛洪,$d284-364.
=880  10$6240-02/{dollar}1$a抱朴子.$p內篇.$lJapanese
=880  10$6245-03/{dollar}1$a抱朴子.$p內篇 /$c葛洪 ; 本田濟訳注.
=880  3\$6246-04/{dollar}1$a抱朴子內篇
=880  \\$6250-05/{dollar}1$a初版.
=880  \\$6260-06/{dollar}1$a東京 :$b平凡社,$c1990.
=880  1\$6490-07/{dollar}1$a東洋文庫 ;$v512
=880  14$6600-08/{dollar}1$a葛洪,$d284-364.$t抱朴子.$p內篇.
=880  1\$6700-09/{dollar}1$a本田濟,$d1920-2009.
=880  \0$6830-10/{dollar}1$a東洋文庫 ;$v512.
=859  \\$aORR$bJapanKnowledge
=CAT  \\$aW1704-1242$b00$c20170509$lBLL01$h0927
=CAT  \\$aBATCH-UPD$b00$c20170509$lBLL01$h0927
=CAT  \\$aBATCH-UPD$b00$c20170509$lBLL01$h0938
=CAT  \\$aW2003-0365$c20200305$lBLL01$h1101
=FIN  \\$aY$d20170509
=SID  \\$aZ30$bOCLC
=SRC  \\$aJapanKnowledge_2017$bJK_OCLC20170203.mrc
=LAS  \\$aW2003-0365$b00$c20200305$lBLL01$h1101

