=LDR  02595 am a22006377i 4500
=001  018337691
=003  Uk
=005  20170106042736.0
=006  m\\\\\o\\d\\\\\\\\
=007  cr\|||||||||||
=008  100630s1974\\\\ja\\\\\\ob\\\\000\0\jpn\d
=FMT  \\$a  BK
=035  \\$a(OCoLC)645444481
=040  \\$aOCLCE$beng$cOCLCE$dCUS$dOCLCQ$dOCLCF$dOCLCO$dYUS$dOCLCO$dYUS$dOCLCO$dOCLCQ$dYUS$dOCLCO$dUk$epn
=041  1\$ajpn$hchi
=042  \\$adlr
=043  \\$aa-cc---
=050  \4$aAZ791$b.L47 1974
=100  1\$6880-01$aLiang, Qichao,$d1873-1929
=240  10$6880-02$aQing dai xue shu gai lun.$lJapanese
=245  10$6880-03$aShindai gakujutsu gairon :$bChūgoku no runessansu /$cRyō Keichō [cho] ; Ono Kazuko.
=260  \\$6880-04$aTōkyō :$bHeibonsha,$c1974.
=300  \\$a1 online resource (362, 22 pages).
=336  \\$atext$btxt$2rdacontent
=337  \\$acomputer$bc$2rdamedia
=338  \\$aonline resource$bcr$2rdacarrier
=490  1\$6880-05$aTōyō bunko ;$v245
=504  \\$aIncludes bibliographical references (pages 361-362).
=588  0\$aPrint version record.
=650  \0$aLearning and scholarship$zChina.
=650  \7$aIntellectual life.$2fast$0(OCoLC)fst00975769
=650  \7$aLearning and scholarship.$2fast$0(OCoLC)fst00994857
=651  \0$aChina$xIntellectual life.
=651  \7$aChina.$2fast$0(OCoLC)fst01206073
=653  \\$6880-06$aChūgokushisō$aRekishi$aShinjidai.
=700  1\$6880-07$aOno, Kazuko,$d1932-
=773  0\$tJapanKnowledge
=776  08$iPrint version:$aRyō, Keichō, 1873-1928.$tShindai gakujutsu gairon.$dTōkyō : Heibonsha, 1974
=830  \0$6880-08$aTōyō bunko$v245.
=856  40$3JapanKnowledge$uhttp://japanknowledge.com/lib/display/?lid=80010V0245P0002$yJapanKnowledge Lib
=880  1\$6100-01/{dollar}1$a梁啓超,$d1873-1929.
=880  10$6240-02/{dollar}1$a清代学術概論.$lJapanese
=880  10$6245-03/{dollar}1$a淸代学術槪論 :$b中国のルネッサンス /$c梁啓超[著] ; 小野和子訳注.
=880  \\$6260-04/{dollar}1$a東京 :$b平凡社,$c1974.
=880  1\$6490-05/{dollar}1$a東洋文庫 ;$v245
=880  \\$6653-06/{dollar}1$a中国思想$a歴史$a淸時代.
=880  1\$6700-07/{dollar}1$a小野和子,$d1932-
=880  \0$6830-08/{dollar}1$a東洋文庫 ;$v245.
=859  \\$aORR$bJapanKnowledge
=CAT  \\$aW1704-1242$b00$c20170509$lBLL01$h0927
=CAT  \\$aBATCH-UPD$b00$c20170509$lBLL01$h0927
=CAT  \\$aW2003-0365$c20200305$lBLL01$h1101
=FIN  \\$aY$d20170509
=SID  \\$aZ30$bOCLC
=SRC  \\$aJapanKnowledge_2017$bJK_OCLC20170203.mrc
=LAS  \\$aW2003-0365$b00$c20200305$lBLL01$h1101

