=LDR  02138 am a22005654i 4500
=001  018337692
=003  Uk
=005  20170106042736.0
=006  m\\\\\o\\d\\\\\\\\
=007  cr\|||||||||||
=008  151214s1996\\\\ja\\\\\go\\\\\000\0\jpn\d
=FMT  \\$a  BK
=020  \\$z456005777X
=020  \\$z9784560057773
=035  \\$a(OCoLC)932129369
=040  \\$aCNEAL$beng$cYUS$dOCLCO$dOCLCF$dUk$erda$epn
=041  1\$ajpn$hfre
=050  \4$aPN441$b.M65165 1996
=100  1\$aMoisan, Clément,$eauthor.
=240  10$aHistoire littéraire.$lJapanese
=245  10$6880-01$aBungakushi saiko /$cKureman Mowazan cho ; Hirota Masayoshi yaku.
=264  \1$6880-02$aTōkyō :$bHakusuisha,$c1996.
=300  \\$a1 online resource.
=336  \\$atext$btxt$2rdacontent
=337  \\$acomputer$bc$2rdamedia
=338  \\$aonline resource$bcr$2rdacarrier
=490  1\$6880-03$aBunko kuseju ;$v777
=500  \\$aTranslation of: L'histoire littéraire.
=588  \\$aDescription based on print version.
=650  \0$aLiterature$xHistory and criticism$xTheory, etc.
=650  \7$aLiterature$xTheory, etc.$2fast$0(OCoLC)fst01353577
=655  \7$aCriticism, interpretation, etc.$2fast$0(OCoLC)fst01411635
=700  1\$6880-04$aHirota, Masayoshi,$d1938-
=773  0\$tJapanKnowledge
=776  08$iPrint version:$tBungakushi saiko.
=830  \0$6880-05$aBunko kuseju$v777.
=856  40$3JapanKnowledge$uhttp://japanknowledge.com/lib/display/?lid=8021007770000$yJapanKnowledge Lib
=880  10$6245-01/{dollar}1$a文学史再考 /$cクレマン・モワザン著 ; 広田昌義訳.
=880  \1$6264-02/{dollar}1$a東京 :$b白水社,$c1996.
=880  1\$6490-03/{dollar}1$a文庫クセジュ ;$v777
=880  1\$6700-04/{dollar}1$a広田, 昌義,$d1938-
=880  \0$6830-05/{dollar}1$a文庫クセジュ ;$v777.
=859  \\$aORR$bJapanKnowledge
=CAT  \\$aW1704-1242$b00$c20170509$lBLL01$h0927
=CAT  \\$aBATCH-UPD$b00$c20170509$lBLL01$h0927
=CAT  \\$aW2003-0365$c20200305$lBLL01$h1101
=FIN  \\$aY$d20170509
=SID  \\$aZ30$bOCLC
=SRC  \\$aJapanKnowledge_2017$bJK_OCLC20170203.mrc
=LAS  \\$aW2003-0365$b00$c20200305$lBLL01$h1101

