=LDR  02417 am a22006137a 4500
=001  018337693
=003  Uk
=005  20170106042736.0
=006  m\\\\\o\\d\\\\\\\\
=007  cr\|||||||||||
=008  100630s1981\\\\ja\af\\\ob\\\\000\0\jpn\d
=FMT  \\$a  BK
=019  \\$a297927088
=035  \\$a(OCoLC)645460586$z(OCoLC)297927088
=040  \\$aOCLCE$beng$cOCLCE$dCUS$dOCLCQ$dOCLCO$dOCLCQ$dYUS$dOCLCO$dYUS$dOCLCO$dOCLCQ$dYUS$dOCLCO$dUk$epn
=041  1\$ajpn$hchi
=042  \\$adlr
=050  \4$aPL2732.A44$bA6 1981 <Asian Japan>
=084  \\$a921.6$2njb
=084  \\$aNDL=KK298$2z
=100  1\$6880-01$aWang, Fuzhi,$d1619-1692
=240  10$aWorks.$kSelections.$lJapanese.$f1981
=245  10$6880-02$aŌ Senzan shibunshū :$bshūra no yume /$cTakata Atsushi hen'yaku.
=250  \\$6880-03$aShohan.
=260  \\$6880-04$aTōkyō :$bHeibonsha,$c1981.
=300  \\$a1 online resource (xi, 462 pages, [1] leaf of plates) :$billustrations.
=336  \\$atext$btxt$2rdacontent
=337  \\$acomputer$bc$2rdamedia
=338  \\$aonline resource$bcr$2rdacarrier
=490  1\$6880-05$aTōyō Bunko ;$v393
=504  \\$aList of works by the author: pages 4-5 (2nd group).
=588  0\$aPrint version record.
=600  17$6880-06$aŌ, Fūshi,$d1619-1692.$2ndlsh
=700  1\$6880-07$aTakata, Atsushi,$d1925-
=773  0\$tJapanKnowledge
=776  08$iPrint version:$aWang, Fuzhi, 1619-1692.$sSelections. Japanese. 1981.$tŌ Senzan shibunshū.$dTōkyō : Heibonsha, 1981
=830  \0$6880-08$aTōyō bunko$v393.
=856  40$3JapanKnowledge$uhttp://japanknowledge.com/lib/display/?lid=80010V0393P0002$yJapanKnowledge Lib
=880  1\$6100-01/{dollar}1$a王夫之,$d1619-1692.
=880  10$6245-02/{dollar}1$a王船山詩文集 :$b修羅の夢 /$c高田淳編訳.
=880  \\$6250-03/{dollar}1$a初版.
=880  \\$6260-04/{dollar}1$a東京 :$b平凡社,$c1981.
=880  1\$6490-05/{dollar}1$a東洋文庫 ;$v393
=880  17$6600-06/{dollar}1$a王夫之,$d1619-1692.$2ndlsh
=880  1\$6700-07/{dollar}1$a高田淳,$d1925-
=880  \0$6830-08/{dollar}1$a東洋文庫 ;$v393.
=859  \\$aORR$bJapanKnowledge
=CAT  \\$aW1704-1242$b00$c20170509$lBLL01$h0927
=CAT  \\$aBATCH-UPD$b00$c20170509$lBLL01$h0927
=CAT  \\$aW2003-0365$c20200305$lBLL01$h1101
=FIN  \\$aY$d20170509
=SID  \\$aZ30$bOCLC
=SRC  \\$aJapanKnowledge_2017$bJK_OCLC20170203.mrc
=LAS  \\$aW2003-0365$b00$c20200305$lBLL01$h1101

