=LDR  02943 am a2200673 a 4500
=001  018337694
=003  Uk
=005  20170106042737.0
=006  m\\\\\o\\d\\\\\\\\
=007  cr\un|||||||||
=008  120131s1965\\\\ja\abc\\ob\\\\000\0\jpn\d
=FMT  \\$a  BK
=035  \\$a(OCoLC)774594163
=040  \\$aCUS$beng$cCUS$dOCLCQ$dOCLCF$dOCLCO$dYUS$dOCLCO$dOCLCQ$dYUS$dOCLCO$dOCLCQ$dYUS$dOCLCO$dUk
=041  1\$ajpn$heng
=043  \\$aaw-----$aa-ir---
=050  \4$aDS8$b.V2 1965
=100  1\$aVámbéry, Ármin,$d1832-1913.
=240  10$aLife and adventures of Arminius Vambéry.$lJapanese
=245  10$6880-01$aPerushia hōrōki :$btakuhatsusō ni mi o yatsushite /$cA. Vānbēri cho ; Kobayashi Takashirō, Sugimoto Masatoshi yaku.
=250  \\$6880-02$aShohan.
=260  \\$6880-03$aTōkyō :$bHeibonsha,$c1965.
=300  \\$a1 online resource (3, 323 pages) :$billustrations, map, portrait.
=336  \\$atext$btxt$2rdacontent
=337  \\$acomputer$bc$2rdamedia
=338  \\$aonline resource$bcr$2rdacarrier
=490  1\$6880-04$aTōyō bunko ;$v42
=500  \\$aTranslation of: The life and adventures of Alminius [sic] Vambéry, written by himself.
=504  \\$aIncludes bibliographical references.
=588  0\$aPrint version record.
=600  10$aVámbéry, Ármin,$d1832-1913.
=600  17$aVámbéry, Ármin,$d1832-1913$2fast$0(OCoLC)fst00004431
=650  \7$aTravel.$2fast$0(OCoLC)fst01155558
=651  \0$aIran$xDescription and travel.
=651  \0$aMiddle East$xDescription and travel.
=651  \7$aIran.$2fast$0(OCoLC)fst01204889
=651  \7$aMiddle East.$2fast$0(OCoLC)fst01241586
=700  1\$6880-05$aKobayashi, Takashirō,$d1905-
=700  1\$6880-06$aSugimoto, Masatoshi,$d1915-
=773  0\$tJapanKnowledge
=776  08$iPrint version:$aVámbéry, Ármin, 1832-1913.$sLife and adventures of Arminius Vambéry. Japanese.$tPerushia hōrōki.$bShohan.$dTōkyō : Heibonsha, 1965
=830  \0$6880-07$aTōyō bunko$v42.
=856  40$3JapanKnowledge$uhttp://japanknowledge.com/lib/display/?lid=80010V0042P0002$yJapanKnowledge Lib
=880  10$6245-01/{dollar}1$aペルシア放浪記 :$b托鉢僧に身をやつして /$cA. ヴァ-ンベ-リ著 ; 小林高四郎, 杉本正年訳.
=880  \\$6250-02/{dollar}1$a初版.
=880  \\$6260-03/{dollar}1$a東京 :$b平凡社,$c1965.
=880  1\$6490-04/{dollar}1$a東洋文庫 ;$v42
=880  1\$6700-05/{dollar}1$a小林高四郎,$d1905-
=880  1\$6700-06/{dollar}1$a杉本正年,$d1915-
=880  \0$6830-07/{dollar}1$a東洋文庫 ;$v42.
=859  \\$aORR$bJapanKnowledge
=CAT  \\$aW1704-1242$b00$c20170509$lBLL01$h0927
=CAT  \\$aBATCH-UPD$b00$c20170509$lBLL01$h0927
=CAT  \\$aBATCH-UPD$b00$c20170509$lBLL01$h0938
=CAT  \\$aW2003-0365$c20200305$lBLL01$h1101
=FIN  \\$aY$d20170509
=SID  \\$aZ30$bOCLC
=SRC  \\$aJapanKnowledge_2017$bJK_OCLC20170203.mrc
=LAS  \\$aW2003-0365$b00$c20200305$lBLL01$h1101

