=LDR  02402 am a22006257a 4500
=001  018337695
=003  Uk
=005  20170106042737.0
=006  m\\\\\o\\d\\\\\\\\
=007  cr\|||||||||||
=008  100602s1990\\\\ja\b\\\\o\\\\\000\0\jpn\d
=FMT  \\$a  BK
=019  \\$a756942639
=020  \\$z4582805183
=020  \\$z9784582805185
=035  \\$a(OCoLC)636486281$z(OCoLC)756942639
=040  \\$aOCLCE$beng$cOCLCE$dOCLCQ$dOCLCO$dOCLCQ$dCUS$dOCLCF$dOCLCQ$dOCLCO$dYUS$dOCLCO$dYUS$dOCLCO$dOCLCQ$dOCLCO$dYUS$dOCLCO$dUk$epn
=041  1\$ajpn$achi$hchi
=042  \\$adlr
=050  \4$aPL2466.Z8$bK988 1990
=100  1\$6880-01$aShirakawa, Shizuka,$d1910-2006
=240  10$aShi jing guo feng.$lJapanese
=245  10$6880-02$aShikyō kokufū /$cShirakawa Shizuka yakuchū.
=250  \\$6880-03$aShohan.
=260  \\$6880-04$aTōkyō :$bHeibonsha,$c1990.
=300  \\$a1 online resource (486 pages) :$bmaps.
=336  \\$atext$btxt$2rdacontent
=337  \\$acomputer$bc$2rdamedia
=338  \\$aonline resource$bcr$2rdacarrier
=490  1\$6880-05$aTōyō buko ;$v518
=588  0\$aPrint version record.
=630  00$6880-06$aShi jing
=630  07$aShi jing.$2fast$0(OCoLC)fst01357102
=730  02$6880-07$aShi jing.$kSelections.$lJapanese & Chinese.
=773  0\$tJapanKnowledge
=776  08$iPrint version:$aShirakawa, Shizuka, 1910-2006.$sShi jing guo feng. Japanese.$tShikyō kokufū.$bShohan.$dTōkyō : Heibonsha, 1990
=830  \0$6880-08$aTōyō buko ;$v518.
=856  40$3JapanKnowledge$uhttp://japanknowledge.com/lib/display/?lid=80010V0518P0002$yJapanKnowledge Lib
=880  1\$6100-01/{dollar}1$a白川静,$d1910-
=880  10$6240-00/{dollar}1$a詩經國風.$lJapanese
=880  10$6245-02/{dollar}1$a詩経国風 /$c白川静訳注.
=880  \\$6250-03/{dollar}1$a初版.
=880  \\$6260-04/{dollar}1$a東京 :$b平凡社,$c1990.
=880  1\$6490-05/{dollar}1$a東洋文庫 ;$v518
=880  04$6630-06/{dollar}1$a诗经.
=880  02$6730-07/{dollar}1$a诗经.$kSelections.$lJapanese & Chinese.
=880  \0$6830-08/{dollar}1$a東洋文庫 ;$v518.
=859  \\$aORR$bJapanKnowledge
=CAT  \\$aW1704-1242$b00$c20170509$lBLL01$h0927
=CAT  \\$aBATCH-UPD$b00$c20170509$lBLL01$h0927
=CAT  \\$aW2003-0365$c20200305$lBLL01$h1101
=FIN  \\$aY$d20170509
=SID  \\$aZ30$bOCLC
=SRC  \\$aJapanKnowledge_2017$bJK_OCLC20170203.mrc
=LAS  \\$aW2003-0365$b00$c20200305$lBLL01$h1101

