=LDR  02466 am a22005894i 4500
=001  018337696
=003  Uk
=005  20170106042737.0
=006  m\\\\\o\\d\\\\\\\\
=007  cr\|||||||||||
=008  160115s1994\\\\ja\\\\\\o\\\\\000\0\jpn\d
=FMT  \\$a  BK
=020  \\$z4560057540
=020  \\$z9784560057544
=035  \\$a(OCoLC)934799123
=040  \\$aSTF$beng$cYUS$dOCLCO$dYUS$dOCLCO$dOCLCA$dUk$erda$epn
=041  1\$ajpn$hfre
=050  \4$aB1903$b.B78163 1994
=100  1\$aBrun, Jean,$d1919-1994,$eauthor.
=240  10$aPhilosophie de Pascal.$lJapanese
=245  10$6880-01$aPasukaru no tetsugaku /$cJan Buran cho ; Takeda Atsushi yaku.
=264  \1$6880-02$aTōkyō :$bHakusuisha,$c1994.
=300  \\$a1 online resource.
=336  \\$atext$btxt$2rdacontent
=337  \\$acomputer$bc$2rdamedia
=338  \\$aonline resource$bcr$2rdacarrier
=490  1\$6880-03$aBunko kuseju ;$v754
=500  \\$aTranslation of: La philosophie de Pascal. Paris : Presses universitaires de France, 1992.
=588  \\$aDescription based on print version record.
=600  10$aPascal, Blaise,$d1623-1662.
=600  17$aPascal, Blaise,$d1623-1662$2fast$0(OCoLC)fst00040008
=650  \0$aPhilosophy$zFrance$y17th century.
=700  1\$6880-04,$aTakeda, Atsushi,$d1934-$etranslator.
=730  0\$aPhilosophie de Pascal.
=773  0\$tJapanKnowledge
=776  08$6880-05$iPrint version:$aBrun, Jean, 1919-$sPhilosophie de Pascal. Japanese.$tPasukaru no tetsugaku.$dTōkyō : Hakusuisha, 1994
=830  \0$6880-06$aBunko kuseju$v754.
=856  40$3JapanKnowledge$uhttp://japanknowledge.com/lib/display/?lid=8021007540000$yJapanKnowledge Lib
=880  10$6245-01$aパスカルの哲学 /$cジャン・ブラン著 ; 竹田篤司訳.
=880  \1$6264-02$a東京 :$b白水社,$c1994.
=880  1\$6490-03$a文庫クセジュ ;$v754
=880  1\$6700-04$a竹田篤司,$d1934-$etranslator.
=880  08$6776-05$iPrint version:$aBrun, Jean, 1919-$sPhilosophie de Pascal. Japanese.$tパスカルの哲学.$d東京 : 白水社, 1994$w(OCoLC)47317323
=880  \0$6830-06$a文庫クセジュ ;$v754.
=859  \\$aORR$bJapanKnowledge
=CAT  \\$aW1704-1242$b00$c20170509$lBLL01$h0927
=CAT  \\$aBATCH-UPD$b00$c20170509$lBLL01$h0927
=CAT  \\$aW2003-0365$c20200305$lBLL01$h1101
=FIN  \\$aY$d20170509
=SID  \\$aZ30$bOCLC
=SRC  \\$aJapanKnowledge_2017$bJK_OCLC20170203.mrc
=LAS  \\$aW2003-0365$b00$c20200305$lBLL01$h1101

