=LDR  02602 am a2200625 a 4500
=001  018337697
=003  Uk
=005  20170106042738.0
=006  m\\\\\o\\d\\\\\\\\
=007  cr\un|||||||||
=008  120131s1965\\\\ja\a\\\\o\\\\\000\0\jpn\d
=FMT  \\$a  BK
=035  \\$a(OCoLC)774600881
=040  \\$aCUS$beng$cCUS$dOCLCQ$dOCLCF$dYUS$dOCLCO$dOCLCQ$dYUS$dOCL$dOCLCQ$dYUS$dOCLCO$dUk
=043  \\$aa-ja---
=050  \4$aDS897.T6$bK53 1965B
=100  1\$6880-01$aKikuchi, Kiichirō.
=245  10$6880-02$aEhon Edo fūzoku ōrai /$cKikuchi Kiichirō cho ; Suzuki Tōzō hen.
=246  1\$6880-03$iOriginal title:$aEdo funai ehon fūzoku ōrai
=250  \\$6880-04$aShohan.
=260  \\$6880-05$aTōkyō :$bHeibonsha,$c1965$g(1989 printing)
=300  \\$a1 online resource (5, 296 pages) :$billustrations.
=336  \\$atext$btxt$2rdacontent
=337  \\$acomputer$bc$2rdamedia
=338  \\$aonline resource$bcr$2rdacarrier
=490  1\$6880-06$aTōyō bunko ;$v50
=500  \\$6880-07$aOriginal title: Edo funai ehon fūzoku ōrai.
=588  0\$aPrint version record.
=648  \7$a1600-1868$2fast
=650  \7$aManners and customs.$2fast$0(OCoLC)fst01007815
=651  \0$aTokyo (Japan)$xSocial life and customs$y1600-1868.
=651  \7$aJapan$zTokyo.$2fast$0(OCoLC)fst01204835
=700  1\$6880-08$aSuzuki, Tōzō,$d1911-1992
=773  0\$tJapanKnowledge
=776  08$iPrint version:$aKikuchi, Kiichirō.$tEhon Edo fūzoku ōrai.$bShohan.$dTōkyō : Heibonsha, 1965
=830  \0$6880-09$aTōyō bunko$v50.
=856  40$3JapanKnowledge$uhttp://japanknowledge.com/lib/display/?lid=80010V0050P0002$yJapanKnowledge Lib
=880  1\$6100-01/{dollar}1$a菊池貴一郎.
=880  10$6245-02/{dollar}1$a絵本江戶風俗往来 /$c菊池貴一郎著 ; 鈴木棠三編.
=880  1\$6246-03/{dollar}1$iOriginal title:$a江戶府內絵本風俗往來
=880  \\$6250-04/{dollar}1$a初版.
=880  \\$6260-05/{dollar}1$a東京 :$b平凡社,$c1965$g(1989 printing)
=880  1\$6490-06/{dollar}1$a東洋文庫 ;$v50
=880  \\$6500-07/{dollar}1$aOriginal title: 江戶府內絵本風俗往来.
=880  1\$6700-08/{dollar}1$a鈴木棠三,$d1911-1992.
=880  \0$6830-09/{dollar}1$a東洋文庫 ;$v50.
=859  \\$aORR$bJapanKnowledge
=CAT  \\$aW1704-1242$b00$c20170509$lBLL01$h0927
=CAT  \\$aBATCH-UPD$b00$c20170509$lBLL01$h0927
=CAT  \\$aBATCH-UPD$b00$c20170509$lBLL01$h0938
=CAT  \\$aW2003-0365$c20200305$lBLL01$h1101
=FIN  \\$aY$d20170509
=SID  \\$aZ30$bOCLC
=SRC  \\$aJapanKnowledge_2017$bJK_OCLC20170203.mrc
=LAS  \\$aW2003-0365$b00$c20200305$lBLL01$h1101

