=LDR  02289 am a22006014i 4500
=001  018337698
=003  Uk
=005  20170106042738.0
=006  m\\\\\o\\d\\\\\\\\
=007  cr\|||||||||||
=008  151113s1973\\\\ja\\\\\\ob\\\\000\0\jpn\d
=FMT  \\$a  BK
=020  \\$z4560055343
=020  \\$z9784560055342
=035  \\$a(OCoLC)929031100
=040  \\$aCNEAL$beng$cYUS$dOCLCO$dYUS$dOCLCO$dOCLCF$dOCLCO$dUk$erda$epn
=041  1\$ajpn$hfre
=050  \4$aPC2075$b.C53167 1973
=100  1\$aChaurand, Jacques,$eauthor.
=245  10$6880-01$aFuransugoshi /$cJakku Shōran cho ; Kawamoto Shigeo ; Takahashi Hideo kyōyaku.
=264  \1$6880-02$aTōkyō :$bHakusuisha,$c1973.
=300  \\$a1 online resource.
=336  \\$atext$btxt$2rdacontent
=337  \\$acomputer$bc$2rdamedia
=338  \\$aonline resource$bcr$2rdacarrier
=490  1\$6880-03$aBunko kuseju ;$v534
=504  \\$aIncludes bibliographical references.
=588  \\$aDescription based on print version.
=650  \0$aFrench language$xHistory.
=650  \7$aFrench language.$2fast$0(OCoLC)fst00934333
=655  \7$aHistory.$2fast$0(OCoLC)fst01411628
=700  1\$6880-04$aKawamoto, Shigeo,$d1913-1983
=700  1\$6880-05$aTakahashi, Hideo,$d1939-
=730  0\$aHistoire de la langue Française.
=773  0\$tJapanKnowledge
=776  08$iPrint version:$tFuransugoshi
=830  \0$6880-06$aBunko kuseju$v534.
=856  40$3JapanKnowledge$uhttp://japanknowledge.com/lib/display/?lid=8021005340000$yJapanKnowledge Lib
=880  10$6245-01/{dollar}1$aフランス語史 /$cジャック・ショーラン著 ; 川本茂雄, 高橋秀雄共訳.
=880  \1$6264-02/{dollar}1$a東京 :$b白水社,$c1973.
=880  1\$6490-03/{dollar}1$a文庫クセジュ ;$v534
=880  1\$6700-04/{dollar}1$a川本茂雄,$d1913-
=880  1\$6700-05/{dollar}1$a高橋秀雄,$d1939-
=880  \0$6830-06/{dollar}1$a文庫クセジュ ;$v534.
=859  \\$aORR$bJapanKnowledge
=CAT  \\$aW1704-1242$b00$c20170509$lBLL01$h0927
=CAT  \\$aBATCH-UPD$b00$c20170509$lBLL01$h0927
=CAT  \\$aBATCH-UPD$b00$c20170509$lBLL01$h0938
=CAT  \\$aW2003-0365$c20200305$lBLL01$h1101
=FIN  \\$aY$d20170509
=SID  \\$aZ30$bOCLC
=SRC  \\$aJapanKnowledge_2017$bJK_OCLC20170203.mrc
=LAS  \\$aW2003-0365$b00$c20200305$lBLL01$h1101

