=LDR  02557 am a22006254i 4500
=001  018337699
=003  Uk
=005  20170106042738.0
=006  m\\\\\o\\d\\\\\\\\
=007  cr\|||||||||||
=008  151112s2001\\\\ja\ab\\\ob\\\\001\1\jpn\d
=FMT  \\$a  BK
=020  \\$z4096580279
=020  \\$z9784096580271
=035  \\$a(OCoLC)928950194
=040  \\$aYUS$beng$cYUS$dOCLCO$dYUS$dOCLCO$dOCL$dYUS$dOCLCO$dUk$erda$epn
=050  \4$aPL789.S8$bH3 2001
=100  0\$6880-01,$aSugawara no Takasue no Musume,$d1008-$eauthor.
=245  10$6880-02$aHamamatsu Chūnagon monogatari /$cKōchū, yaku Ikeda Toshio.
=264  \1$6880-03$aTōkyō :$bShōgakkan,$c2001.
=300  \\$a1 online resource.
=336  \\$atext$btxt$2rdacontent
=337  \\$acomputer$bc$2rdamedia
=338  \\$aonline resource$bcr$2rdacarrier
=490  1\$6880-04$aShinpen Nihon koten bungaku zenshū ;$v27
=500  \\$6880-05$aAscribed generally to Sugawara no Takasue no Musume. Cf. p. 463.
=500  \\$aFiction.
=504  \\$6880-06$aIncludes bibliographical references (pages 476-482) and index.
=588  \\$aDescription based on print version.
=648  \7$a794-1185$2fast
=650  \0$aJapanese fiction$yHeian period, 794-1185.
=650  \7$aJapanese fiction$xHeian period.$2fast$0(OCoLC)fst01711078
=700  1\$6880-07$aIkeda, Toshio,$d1931-2012
=773  0\$tJapanKnowledge
=776  08$iPrint version:$tHamamatsu Chūnagon monogatari
=830  \0$6880-08$aShinpen Nihon koten bungaku zenshū$v27.
=856  40$3JapanKnowledge$uhttp://japanknowledge.com/lib/display/?lid=80110V00270017$yJapanKnowledge Lib
=880  0\$6100-01/{dollar}1$a菅原孝標女,$d1008-$eauthor
=880  10$6245-02/{dollar}1$a浜松中納言物語 /$c校注 · 訳池田利夫.
=880  \1$6264-03/{dollar}1$a東京 :$b小学館,$c2001.
=880  1\$6490-04/{dollar}1$a新編日本古典文学全集 ;$v27
=880  \\$6500-05/{dollar}1$a付: 月報.
=880  \\$6504-06/{dollar}1$a浜松中納言物語年立: pages 486-492.
=880  1\$6700-07/{dollar}1$a池田利夫,$d1931-2012.
=880  \0$6830-08/{dollar}1$a新編日本古典文学全集 ;$v27.
=859  \\$aORR$bJapanKnowledge
=CAT  \\$aW1704-1242$b00$c20170509$lBLL01$h0927
=CAT  \\$aBATCH-UPD$b00$c20170509$lBLL01$h0927
=CAT  \\$aBATCH-UPD$b00$c20170509$lBLL01$h0938
=CAT  \\$aW2003-0365$c20200305$lBLL01$h1101
=CAT  \\$aBATCH-UPD$b00$c20200918$lBLL01$h2044
=FIN  \\$aY$d20170509
=SID  \\$aZ30$bOCLC
=SRC  \\$aJapanKnowledge_2017$bJK_OCLC20170203.mrc
=LAS  \\$aBATCH-UPD$b00$c20200918$lBLL01$h2044

