=LDR  02926 am a22007337a 4500
=001  018337700
=003  Uk
=005  20170106042739.0
=006  m\\\\\o\\d\\\\\\\\
=007  cr\|||||||||||
=008  100407m19891990ja\ab\\\ob\\\\000\0\jpn\d
=FMT  \\$a  BK
=020  \\$z4582805116$q(v. 1)
=020  \\$z4582805140$q(v. 2)
=020  \\$z9784582805116$q(v. 1)
=020  \\$z9784582805147$q(v. 2)
=035  \\$a(OCoLC)605546983
=040  \\$aOCLCE$beng$cOCLCE$dOCLCQ$dCUS$dOCLCQ$dOCLCF$dOCLCO$dYUS$dOCLCO$dYUS$dOCLCO$dOCLCQ$dYUS$dOCLCO$dUk$epn
=041  1\$ajpn$hchi
=043  \\$aa-cc---
=050  \4$aBJ117$b.Y44 1989
=100  1\$6880-01$aYan, Zhitui,$d531-591
=240  10$6880-02$aYan shi jia xun.$lJapanese
=245  10$6880-03$aGan-shi kakun /$cGan Shisui ; Utsunomiya Kiyoyoshi yakuchū.
=250  \\$6880-04$aShohan.
=260  \\$6880-05$aTōkyō :$bHeibonsha,$c1989-1990.
=300  \\$a1 online resource (2 volumes).
=336  \\$atext$btxt$2rdacontent
=337  \\$acomputer$bc$2rdamedia
=338  \\$aonline resource$bcr$2rdacarrier
=490  1\$6880-06$aTōyō bunko ;$v511, 514
=504  \\$aIncludes bibliographical references.
=588  0\$aPrint version record.
=600  30$aYen family.
=600  37$aYen family.$2fast$0(OCoLC)fst00217929
=650  \0$aConduct of life.
=650  \0$aEthics$zChina$vEarly works to 1800.
=650  \7$aConduct of life.$2fast$0(OCoLC)fst00874563
=650  \7$aEthics.$2fast$0(OCoLC)fst00915833
=651  \7$aChina.$2fast$0(OCoLC)fst01206073
=655  \7$aEarly works.$2fast$0(OCoLC)fst01411636
=700  1\$6880-07$aUtsunomiya, Kiyoyoshi,$d1905-
=773  0\$tJapanKnowledge
=776  08$iPrint version:$aYan, Zhitui, 531-591.$sYan shi jia xun. Japanese.$tGan-shi kakun.$bShohan.$dTōkyō : Heibonsha, 1989-1990
=830  \0$6880-08$aTōyō bunko$v511, 514.
=856  40$3JapanKnowledge Volume 1$uhttp://japanknowledge.com/lib/display/?lid=80010V0511P0002$yJapanKnowledge Lib
=856  40$3JapanKnowledge Volume 2$uhttp://japanknowledge.com/lib/display/?lid=80010V0514P0002$yJapanKnowledge Lib
=880  1\$6100-01/{dollar}1$a顔之推,$d531-591.
=880  10$6240-02/{dollar}1$a顔氏家訓.$lJapanese
=880  10$6245-03/{dollar}1$a顔氏家訓 /$c顔之推 ; 宇都宮清吉訳注.
=880  \\$6250-04/{dollar}1$a初版.
=880  \\$6260-05/{dollar}1$a東京 :$b平凡社,$c1989-1990.
=880  1\$6490-06/{dollar}1$a東洋文庫 ;$v511, 514
=880  1\$6700-07/{dollar}1$a宇都宮清吉,$d1905-
=880  \0$6830-08/{dollar}1$a東洋文庫 ;$v511, 514.
=859  \\$aORR$bJapanKnowledge
=CAT  \\$aW1704-1242$b00$c20170509$lBLL01$h0927
=CAT  \\$aBATCH-UPD$b00$c20170509$lBLL01$h0927
=CAT  \\$aBATCH-UPD$b00$c20170509$lBLL01$h0938
=CAT  \\$aW2003-0365$c20200305$lBLL01$h1101
=FIN  \\$aY$d20170509
=SID  \\$aZ30$bOCLC
=SRC  \\$aJapanKnowledge_2017$bJK_OCLC20170203.mrc
=LAS  \\$aW2003-0365$b00$c20200305$lBLL01$h1101

