=LDR  02594 am a2200625 a 4500
=001  018337701
=003  Uk
=005  20170106042739.0
=006  m\\\\\o\\d\\\\\\\\
=007  cr\un|||||||||
=008  120209s1991\\\\ja\\\\\\o\\\\\000\0djpn\d
=FMT  \\$a  BK
=020  \\$z4582805299
=020  \\$z9784582805291
=035  \\$a(OCoLC)775710523
=040  \\$aCUS$beng$cCUS$dCUS$dOCLCQ$dOCLCF$dOCLCO$dYUS$dOCLCQ$dOCLCO$dYUS$dOCLCO$dOCLCQ$dOCLCO$dYUS$dOCLCO$dUk
=041  0\$ajpn$achi
=050  \4$aPL2665.T36$bA6 1991
=100  1\$6880-01$aSuzuki, Torao,$d1878-1963
=245  10$6880-02$aTō Enmei shikai /$cSuzuki Torao yakuchū ; Ogawa Tamaki kaidai.
=250  \\$6880-03$aShohan.
=260  \\$6880-04$aTōkyō :$bHeibonsha,$c1991.
=300  \\$a1 online resource (370 pages).
=336  \\$atext$btxt$2rdacontent
=337  \\$acomputer$bc$2rdamedia
=338  \\$aonline resource$bcr$2rdacarrier
=490  1\$6880-05$aTōyō bunko ;$v529
=588  0\$aPrint version record.
=600  10$6880-06$aTao, Qian,$d372?-427$xCriticism and interpretation.
=600  17$aTao, Qian,$d372?-427$2fast$0(OCoLC)fst00075416
=655  \7$aCriticism, interpretation, etc.$2fast$0(OCoLC)fst01411635
=700  1\$6880-07$aOgawa, Tamaki,$d1910-1993
=700  12$6880-08.$aTao, Qian,$d372?-427$tPoems.$kSelections.$lJapanese & Chinese.
=773  0\$tJapanKnowledge
=776  08$iPrint version:$aSuzuki, Torao, 1878-1963.$tTō Enmei shikai.$bShohan.$dTōkyō : Heibonsha, 1991$z4582805299
=830  \0$6880-09$aTōyō bunko$v529.
=856  40$3JapanKnowledge$uhttp://japanknowledge.com/lib/display/?lid=80010V0529P0002$yJapanKnowledge Lib
=880  1\$6100-01/{dollar}1$a鈴木虎雄,$d1878-1963.
=880  10$6245-02/{dollar}1$a陶淵明詩解 /$c鈴木虎雄訳注 ; 小川環樹解題.
=880  \\$6250-03/{dollar}1$a初版.
=880  \\$6260-04/{dollar}1$a東京 :$b平凡社,$c1991.
=880  1\$6490-05/{dollar}1$a東洋文庫 ;$v529
=880  14$6600-06/{dollar}1$a陶潛,$d372?-427$xCriticism and interpretation.
=880  1\$6700-07/{dollar}1$a小川環樹,$d1910-1993.
=880  12$6700-08/{dollar}1$a陶潛,$d372?-427.$tPoems.$kSelections.$lJapanese & Chinese.
=880  \0$6830-09/{dollar}1$a東洋文庫 ;$v529.
=859  \\$aORR$bJapanKnowledge
=CAT  \\$aW1704-1242$b00$c20170509$lBLL01$h0927
=CAT  \\$aBATCH-UPD$b00$c20170509$lBLL01$h0927
=CAT  \\$aBATCH-UPD$b00$c20170509$lBLL01$h0938
=CAT  \\$aW2003-0365$c20200305$lBLL01$h1101
=FIN  \\$aY$d20170509
=SID  \\$aZ30$bOCLC
=SRC  \\$aJapanKnowledge_2017$bJK_OCLC20170203.mrc
=LAS  \\$aW2003-0365$b00$c20200305$lBLL01$h1101

