=LDR  02687 am a22006854i 4500
=001  018337702
=003  Uk
=005  20170106042739.0
=006  m\\\\\o\\d\\\\\\\\
=007  cr\|||||||||||
=008  151112s1996\\\\ja\ab\\\ob\\\\001\1\jpn\d
=FMT  \\$a  BK
=020  \\$z4096580503
=020  \\$z9784096580509
=035  \\$a(OCoLC)928950332
=040  \\$aYUS$beng$cYUS$dOCLCO$dYUS$dOCLCO$dOCL$dYUS$dOCLCO$dUk$erda$epn
=043  \\$aa-ja---
=050  \4$aPL790$b.U38 1996
=245  00$6880-01$aUji shūi monogatari /$ckōchū, yaku Kobayashi Yasuharu, Masuko Kazuko.
=264  \1$6880-02$aTōkyō :$bShōgakkan,$c1996.
=300  \\$a1 online resource.
=336  \\$atext$btxt$2rdacontent
=337  \\$acomputer$bc$2rdamedia
=338  \\$aonline resource$bcr$2rdacarrier
=490  1\$6880-03$aShinpen Nihon koten bungaku zenshū ;$v50
=504  \\$aIncludes bibliographical references (pages 548-561) and index.
=588  \\$aDescription based on print version.
=630  00$6880-04$aUji shūi monogatari
=630  07$aUji shūi monogatari.$2fast$0(OCoLC)fst01356588
=648  \7$a1185-1600$2fast
=650  \0$aJapanese fiction$y1185-1600.
=650  \0$aShort stories, Japanese.
=650  \0$aTales$zJapan.
=650  \7$aJapanese fiction.$2fast$0(OCoLC)fst00981525
=650  \7$aShort stories, Japanese.$2fast$0(OCoLC)fst01117246
=650  \7$aTales.$2fast$0(OCoLC)fst01142246
=651  \7$aJapan.$2fast$0(OCoLC)fst01204082
=700  1\$6880-05$aKobayashi, Yasuharu,$d1938-
=700  1\$6880-06$aMasuko, Kazuko,$d1933-
=773  0\$tJapanKnowledge
=776  08$iPrint version:$tUji shūi monogatari
=830  \0$6880-07$aShinpen Nihon koten bungaku zenshū$v50.
=856  40$3JapanKnowledge$uhttp://japanknowledge.com/lib/display/?lid=80110V00500021$yJapanKnowledge Lib
=880  00$6245-01/{dollar}1$a宇治拾遺物語 /$c校注・訳小林保治, 増古和子.
=880  \1$6264-02/{dollar}1$a東京 :$b小学館,$c1996.
=880  1\$6490-03/{dollar}1$a新編日本古典文学全集 ;$v50
=880  04$6630-04/{dollar}1$a宇治拾遺物語.
=880  1\$6700-05/{dollar}1$a小林保治,$d1938-
=880  1\$6700-06/{dollar}1$a増古和子,$d1933-
=880  \0$6830-07/{dollar}1$a新編日本古典文学全集 ;$v50.
=859  \\$aORR$bJapanKnowledge
=CAT  \\$aW1704-1242$b00$c20170509$lBLL01$h0927
=CAT  \\$aBATCH-UPD$b00$c20170509$lBLL01$h0927
=CAT  \\$aBATCH-UPD$b00$c20170509$lBLL01$h0938
=CAT  \\$aW2003-0365$c20200305$lBLL01$h1101
=CAT  \\$aBATCH-UPD$b00$c20200918$lBLL01$h2044
=FIN  \\$aY$d20170509
=SID  \\$aZ30$bOCLC
=SRC  \\$aJapanKnowledge_2017$bJK_OCLC20170203.mrc
=LAS  \\$aBATCH-UPD$b00$c20200918$lBLL01$h2044

