=LDR  02170 am a22005774i 4500
=001  018337703
=003  Uk
=005  20170106042741.0
=006  m\\\\\o\\d\\\\\\\\
=007  cr\|||||||||||
=008  151113s1998\\\\ja\\\\\\o\\\\\000\0\jpn\d
=FMT  \\$a  BK
=020  \\$z4560058105
=020  \\$z9784560058107
=035  \\$a(OCoLC)929031221
=040  \\$aCNEAL$beng$cYUS$dOCLCO$dYUS$dOCLCO$dOCLCF$dUk$erda$epn
=041  1\$ajpn$hfre
=050  \4$aGV1107$b.B37167 1998
=100  1\$aBaratay, Éric,$eauthor.
=240  10$aCorrida.$lJapanese
=245  10$6880-01$aTogyu e no shōtai /$cErikku Barate, Erizabeto Aruduan-Fyujie cho ; Suga Keijirō yaku.
=264  \1$6880-02$aTōkyō :$bHakusuisha,$c1998.
=300  \\$a1 online resource.
=336  \\$atext$btxt$2rdacontent
=337  \\$acomputer$bc$2rdamedia
=338  \\$aonline resource$bcr$2rdacarrier
=490  1\$6880-03$aBunko kuseju ;$v810
=500  \\$aTranslation of: La corrida.
=588  \\$aDescription based on print version.
=650  \0$aBullfights.
=650  \7$aBullfights.$2fast$0(OCoLC)fst00841509
=700  1\$6880-04$aSuga, Keijirō,$d1958-
=700  1\$aHardouin-Fugier, Elisabeth.
=773  0\$tJapanKnowledge
=776  08$iPrint version:$tTogyu e no shōtai
=830  \0$6880-05$aBunko kuseju$v810.
=856  40$3JapanKnowledge$uhttp://japanknowledge.com/lib/display/?lid=8021008100000$yJapanKnowledge Lib
=880  10$6245-01/{dollar}1$a闘牛への招待 /$cエリック・バラテ, エリザベト・アルドゥアン=フュジエ著 ; 管啓次郎訳.
=880  \1$6264-02/{dollar}1$a東京 :$b白水社,$c1998.
=880  1\$6490-03/{dollar}1$a文庫クセジュ ;$v810
=880  1\$6700-04/{dollar}1$a管啓次郎,$d1958-
=880  \0$6830-05/{dollar}1$a文庫クセジュ ;$v810.
=859  \\$aORR$bJapanKnowledge
=CAT  \\$aW1704-1242$b00$c20170509$lBLL01$h0927
=CAT  \\$aBATCH-UPD$b00$c20170509$lBLL01$h0927
=CAT  \\$aBATCH-UPD$b00$c20170509$lBLL01$h0938
=CAT  \\$aW2003-0365$c20200305$lBLL01$h1101
=FIN  \\$aY$d20170509
=SID  \\$aZ30$bOCLC
=SRC  \\$aJapanKnowledge_2017$bJK_OCLC20170203.mrc
=LAS  \\$aW2003-0365$b00$c20200305$lBLL01$h1101

