=LDR  03117 am a22007577a 4500
=001  018337704
=003  Uk
=005  20170106042742.0
=006  m\\\\\o\\d\\\\\\\\
=007  cr\|||||||||||
=008  111013s1990\\\\ja\a\\\\ob\\\\000\0\jpn\d
=FMT  \\$a  BK
=020  \\$z4582805175
=020  \\$z9784582805178
=035  \\$a(OCoLC)756906273
=040  \\$aOCLCE$beng$cOCLCE$dCUS$dOCLCQ$dOCLCA$dOCLCQ$dOCLCF$dOCLCO$dYUS$dOCLCO$dYUS$dOCLCO$dOCLCQ$dYUS$dOCLCO$dUk$epn
=041  1\$ajpn$hchi
=042  \\$adlr
=043  \\$aa-cc-ho
=050  \4$aNA6043$b.Y36 1990
=100  1\$6880-01$aYang, Xuanzhi,$d-555?
=240  10$aLuoyang qie lan ji.$lJapanese
=245  10$6880-02$aRakuyō garanki /$cYō Genshi ; Iriya Yoshitaka yakuchū.
=250  \\$6880-03$aShohan.
=260  \\$6880-04$aTōkyō :$bHeibonsha,$c1990.
=300  \\$a1 online resource (263 pages) :$billustrations.
=336  \\$atext$btxt$2rdacontent
=337  \\$acomputer$bc$2rdamedia
=338  \\$aonline resource$bcr$2rdacarrier
=490  1\$6880-05$aTōyō bunko ;$v517
=500  \\$aTranslation of: Luoyang qie lan ji.
=504  \\$aIncludes bibliographical references.
=588  0\$aPrint version record.
=600  10$6880-06.$aLi, Daoyuan,$d-527$tShui jing zhu.
=600  10$6880-07.$aYang, Xuanzhi,$d-555?$tLuoyang qie lan ji.
=630  07$aLuoyang qie lan ji (Yang, Xuanzhi)$2fast$0(OCoLC)fst01365040
=630  07$aShui jing zhu (Li, Daoyuan)$2fast$0(OCoLC)fst01373698
=650  \0$aTemples$zChina$zLuoyang (Henan Sheng)
=650  \7$aTemples.$2fast$0(OCoLC)fst01147397
=650  \7$aTravel.$2fast$0(OCoLC)fst01155558
=651  \0$6880-08$aLuoyang (Henan Sheng, China)$xDescription and travel.
=651  \7$aChina$zLuoyang (Henan Sheng)$2fast$0(OCoLC)fst01873232
=700  1\$6880-09$aIriya, Yoshitaka,$d1910-1998
=773  0\$tJapanKnowledge
=776  08$iPrint version:$aYang, Xuanzhi, -555?$sLuoyang qie lan ji. Japanese.$tRakuyō garanki.$bShohan.$dTōkyō : Heibonsha, 1990$z4582805175
=830  \0$6880-10$aTōyō bunko$v517.
=856  40$3JapanKnowledge$uhttp://japanknowledge.com/lib/display/?lid=80010V0517P0002$yJapanKnowledge Lib
=880  1\$6100-01/{dollar}1$a杨衒之,$d-555?
=880  10$6245-02/{dollar}1$a洛陽伽藍記 /$c楊衒之 ; 入矢義高訳注.
=880  \\$6250-03/{dollar}1$a初版.
=880  \\$6260-04/{dollar}1$a東京 :$b平凡社,$c1990.
=880  1\$6490-05/{dollar}1$a東洋文庫 ;$v517
=880  14$6600-06/{dollar}1$a郦道元,$d-527.$t水経注.
=880  14$6600-07/{dollar}1$a楊衒之,$d-555?$t洛陽伽藍記.
=880  \4$6651-08/{dollar}1$a洛阳市 (China)$xDescription and travel.
=880  1\$6700-09/{dollar}1$a入矢義高,$d1910-1998.
=880  \0$6830-10/{dollar}1$a東洋文庫 ;$v517.
=859  \\$aORR$bJapanKnowledge
=CAT  \\$aW1704-1242$b00$c20170509$lBLL01$h0927
=CAT  \\$aBATCH-UPD$b00$c20170509$lBLL01$h0927
=CAT  \\$aBATCH-UPD$b00$c20170509$lBLL01$h0938
=CAT  \\$aW2003-0365$c20200305$lBLL01$h1101
=FIN  \\$aY$d20170509
=SID  \\$aZ30$bOCLC
=SRC  \\$aJapanKnowledge_2017$bJK_OCLC20170203.mrc
=LAS  \\$aW2003-0365$b00$c20200305$lBLL01$h1101

