=LDR  01444 as a22004094i 4500
=001  018337705
=003  Uk
=005  20170106042742.0
=006  m\\\\\o\\d\\\\\\\\
=007  cr\|||||||||||
=008  151214c20019999ja\wr\\\o\b\\\0\\\\0jpn\d
=FMT  \\$a  SE
=035  \\$a(OCoLC)932129203
=040  \\$aYUS$beng$cYUS$dOCLCO$dOCLCF$dUk$erda
=050  \4$aCT1836
=245  00$aJK Who's who
=264  \1$6880-01$aTōkyō :$bNetAdvance Inc.,$c2001-
=300  \\$a1 online resource
=310  \\$aWeekly
=336  \\$atext$btxt$2rdacontent
=337  \\$acomputer$bc$2rdamedia
=338  \\$aonline resource$bcr$2rdacarrier
=588  \\$aDescription based on online resource; title from search contents (viewed December 14, 2015).
=651  \0$aJapan$vBiography$vDictionaries$xJapanese.
=651  \7$aJapan.$2fast$0(OCoLC)fst01204082
=655  \7$aBiography$vDictionaries.$2fast$0(OCoLC)fst01423824
=773  0\$tJapanKnowledge
=856  40$3JapanKnowledge$uhttp://japanknowledge.com/lib/search/basic/?cids=50120$yJapanKnowledge Lib
=880  \1$6264-01/{dollar}1$a東京 :$bNetAdvance Inc.,$c2001-
=859  \\$aORR$bJapanKnowledge
=CAT  \\$aW1704-1242$b00$c20170509$lBLL01$h0927
=CAT  \\$aBATCH-UPD$b00$c20170509$lBLL01$h0927
=CAT  \\$aW2003-0365$c20200305$lBLL01$h1101
=FIN  \\$aY$d20170509
=SID  \\$aZ30$bOCLC
=SRC  \\$aJapanKnowledge_2017$bJK_OCLC20170203.mrc
=LAS  \\$aW2003-0365$b00$c20200305$lBLL01$h1101

