=LDR  02989 am a22006977a 4500
=001  018337706
=003  Uk
=005  20170106042742.0
=006  m\\\\\o\\d\\\\\\\\
=007  cr\|||||||||||
=008  100626s1969\\\\ja\\\\\\ob\\\\000\0\jpn\d
=FMT  \\$a  BK
=019  \\$a300360630
=020  \\$z4582801390
=020  \\$z9784582801392
=035  \\$a(OCoLC)643714169$z(OCoLC)300360630
=040  \\$aOCLCE$beng$cOCLCE$dCUS$dOCLCQ$dOCLCF$dOCLCA$dYUS$dOCLCO$dYUS$dOCLCO$dOCLCQ$dYUS$dOCLCO$dUk$epn
=041  1\$ajpn$hchi
=042  \\$adlr
=043  \\$aa-cc---
=050  \4$aPL779.C8$bT3
=100  1\$6880-01$aTatsuma, Shōsuke,$d1928-2014
=245  10$6880-02$aChūgoku kōdan sen /$cTatsuma Shōsuke hen'yaku.
=246  3\$aChūgoku kōdansen
=250  \\$6880-03$aShohan.
=260  \\$6880-04$aTōkyō :$bHeibonsha,$cShōwa 44 [1969]
=300  \\$a1 online resource (298 pages).
=336  \\$atext$btxt$2rdacontent
=337  \\$acomputer$bc$2rdamedia
=338  \\$aonline resource$bcr$2rdacarrier
=490  1\$6880-05$aTōyō bunko ;$v139
=504  \\$aIncludes bibliographical references (pages 293-295).
=588  0\$aPrint version record.
=650  \0$aShort stories, Chinese$vTranslations into Japanese.
=650  \0$aStorytellers$zChina.
=650  \7$aShort stories, Chinese.$2fast$0(OCoLC)fst01117143
=650  \7$aStorytellers.$2fast$0(OCoLC)fst01134165
=651  \7$aChina.$2fast$0(OCoLC)fst01206073
=653  \\$6880-06$aSessho.
=655  \7$aTranslations.$2fast$0(OCoLC)fst01423791
=773  0\$tJapanKnowledge
=776  08$iPrint version:$aTatsuma, Shōsuke, 1928-$tChūgoku kōdan sen.$dTōkyō, Heibonsha, Shōwa 44 (1969)
=830  \0$6880-07$aTōyō bunko$v139.
=856  40$3JapanKnowledge$uhttp://japanknowledge.com/lib/display/?lid=80010V0139P0002$yJapanKnowledge Lib
=880  1\$6100-01/{dollar}1$a立間祥介,$d1928-
=880  10$6245-02/{dollar}1$a中国講談選 /$c立間祥介編訳.
=880  \\$6250-03/{dollar}1$a初版.
=880  \\$6260-04/{dollar}1$a東京 :$b平凡社,$c昭和44 [1969]
=880  1\$6490-05/{dollar}1$a東洋文庫 ;$v139
=880  00$6505-00/{dollar}1$t[ホウ]統の名裁判,$g("三国志") /$r徐伯良, 徐幼良述.$t武松の虎退治,$g("水滸伝") /$r王少堂述.$t通天河,$g("西遊記") /$r戴秉章述.$t牛皋の講釈,$g("說岳") /$r夏小台述.$t包公, 天斉廟に太后を救う,$g("包公案") /$r余又春述.$t芸の海でエビをとる$g(芸談) /$r康重華述.$g解說:$t中国講談のあゆみ.
=880  \\$6653-06/{dollar}1$a說書.
=880  \0$6830-07/{dollar}1$a東洋文庫 ;$v139.
=859  \\$aORR$bJapanKnowledge
=CAT  \\$aW1704-1242$b00$c20170509$lBLL01$h0927
=CAT  \\$aBATCH-UPD$b00$c20170509$lBLL01$h0927
=CAT  \\$aBATCH-UPD$b00$c20170509$lBLL01$h0938
=CAT  \\$aW2003-0365$c20200305$lBLL01$h1101
=FIN  \\$aY$d20170509
=SID  \\$aZ30$bOCLC
=SRC  \\$aJapanKnowledge_2017$bJK_OCLC20170203.mrc
=LAS  \\$aW2003-0365$b00$c20200305$lBLL01$h1101

