=LDR  03296 am a22006857a 4500
=001  018337707
=003  Uk
=005  20170106042743.0
=006  m\\\\\o\\d\\\\\\\\
=007  cr\un|||||||||
=008  090109s1996\\\\ja\ab\\\ob\\\\000\0\jpn\d
=FMT  \\$a  BK
=035  \\$a(OCoLC)297901902
=040  \\$aOCLCE$beng$cOCLCE$dOCLCQ$dCUS$dOCLCQ$dOCLCF$dOCLCQ$dYUS$dOCLCO$dYUS$dOCLCO$dOCLCQ$dYUS$dOCLCO$dUk$epn
=041  1\$ajpn$heng$hfre
=043  \\$aa-ir---
=050  \4$aBL2270$b.B4519 1996
=245  00$6880-01$aZoroasutākyō ronkō /$cEmīru Banvenisuto, Gerarudo Nyori cho ; Maeda Kōsaku hen kan'yaku.
=250  \\$6880-02$aShohan.
=260  \\$6880-03$aTōkyō :$bHeibonsha,$c1996.
=300  \\$a1 online resource (319 pages) :$billustrations, map.
=336  \\$atext$btxt$2rdacontent
=337  \\$acomputer$bc$2rdamedia
=338  \\$aonline resource$bcr$2rdacarrier
=490  1\$6880-04$aTōyō bunko ;$v609
=504  \\$aIncludes bibliographical references.
=505  0\$6880-05$aShuyō na Girishago bunken ni miru Perushajin no shūkyō / Emīru Banvenisuto ; Tanaka Shōji yaku -- Zoroasutākyō kara Mani e / Gerarudo Nyori ; Maeda Tatsuhiko yaku.
=588  0\$aPrint version record.
=650  \0$aZoroastrianism.
=650  \7$aReligion.$2fast$0(OCoLC)fst01093763
=650  \7$aZoroastrianism.$2fast$0(OCoLC)fst01184829
=651  \0$aIran$xReligion.
=651  \7$aIran.$2fast$0(OCoLC)fst01204889
=700  1\$6880-06$aMaeda, Kōsaku,$d1933-
=700  12$aBenveniste, Émile,$d1902-1976.$tPersian religion according to the chief Greek texts.$lJapanese.
=700  12$aGnoli, Gherardo.$tDe Zoroastre à Mani.$lJapanese.
=740  02$6880-07$aShuyō na Girishago bunken ni miru Perushajin no shūkyō.
=740  02$6880-08$aZoroasutākyō kara Mani e.
=773  0\$tJapanKnowledge
=776  08$iPrint version:$tZoroasutākyō ronkō.$bShohan.$dTōkyō : Heibonsha, 1996$z4582806090$z9784582806090
=830  \0$6880-09$aTōyō bunko$v609.
=856  40$3JapanKnowledge$uhttp://japanknowledge.com/lib/display/?lid=80010V0609P0002$yJapanKnowledge Lib
=880  00$6245-01/{dollar}1$aゾロアスター教論考 /$cエミール・バンヴェニスト, ゲラルド・ニョリ著 ; 前田耕作編・監訳.
=880  \\$6250-02/{dollar}1$a初版.
=880  \\$6260-03/{dollar}1$a東京 :$b平凡社,$c1996.
=880  1\$6490-04/{dollar}1$a東洋文庫 ;$v609
=880  0\$6505-05/{dollar}1$a主要なギリシア語文献に見るペルシア人の宗敎 / エミール・バンヴェニスト ; 田中昌司訳 -- ゾロアスター教からマニへ / ゲラルド・ニョリ ; 前田龍彦訳.
=880  1\$6700-06/{dollar}1$a前田耕作,$d1933-
=880  02$6740-07/{dollar}1$a主要なギリシア語文献に見るペルシア人の宗敎.
=880  02$6740-08/{dollar}1$aゾロアスター教からマニへ.
=880  \0$6830-09/{dollar}1$a東洋文庫 ;$v609.
=859  \\$aORR$bJapanKnowledge
=CAT  \\$aW1704-1242$b00$c20170509$lBLL01$h0927
=CAT  \\$aBATCH-UPD$b00$c20170509$lBLL01$h0927
=CAT  \\$aBATCH-UPD$b00$c20170509$lBLL01$h0938
=CAT  \\$aW2003-0365$c20200305$lBLL01$h1101
=FIN  \\$aY$d20170509
=SID  \\$aZ30$bOCLC
=SRC  \\$aJapanKnowledge_2017$bJK_OCLC20170203.mrc
=LAS  \\$aW2003-0365$b00$c20200305$lBLL01$h1101

