=LDR  02178 am a2200565 i 4500
=001  018337708
=003  Uk
=005  20170106042743.0
=006  m\\\\\o\\d\\\\\\\\
=007  cr\|||||||||||
=008  151113s2007\\\\ja\\\\\\o\\\\\000\0\jpn\d
=FMT  \\$a  BK
=020  \\$z4560509093
=020  \\$z9784560509098
=035  \\$a(OCoLC)929031156
=040  \\$aCNEAL$beng$cYUS$dOCLCO$dYUS$dOCLCO$dOCLCF$dUk$erda$epn
=041  1\$ajpn$hfre
=050  \4$aBX945.3$b.B78167 2004
=100  1\$aBruley, Yves,$eauthor.
=245  10$6880-01$aKatorishisumu to wa nani ka :$bKirisutokyō no rekishi o tooshite /$cIvu Buryure cho ; Katō Takashi yaku.
=264  \1$6880-02$aTōkyō :$bHakusuisha,$c2007.
=300  \\$a1 online resource.
=336  \\$atext$btxt$2rdacontent
=337  \\$acomputer$bc$2rdamedia
=338  \\$aonline resource$bcr$2rdacarrier
=490  1\$6880-03$aBunko kuseju ;$v909
=588  \\$aDescription based on print version.
=610  20$aCatholic Church$xHistory.
=610  27$aCatholic Church$2fast$0(OCoLC)fst00531720
=655  \7$aHistory.$2fast$0(OCoLC)fst01411628
=700  1\$6880-04$aKatō, Takashi,$d1957-
=730  0\$aHistoire du catholicisme.
=773  0\$tJapanKnowledge
=776  08$iPrint version:$tKatorishisumu to wa nani ka
=830  \0$6880-05$aBunko kuseju$v909.
=856  40$3JapanKnowledge$uhttp://japanknowledge.com/lib/display/?lid=8021009090000$yJapanKnowledge Lib
=880  10$6245-01/{dollar}1$aカトリシスムとは何か :$bキリスト敎の歴史をとおして /$cイヴ・ブリュレ著 ; 加藤隆訳.
=880  \1$6264-02/{dollar}1$a東京 :$b白水社,$c2007.
=880  1\$6490-03/{dollar}1$a文庫クセジュ ;$v909
=880  1\$6700-04/{dollar}1$a加藤隆,$d1957-
=880  \0$6830-05/{dollar}1$a文庫クセジュ ;$v909.
=859  \\$aORR$bJapanKnowledge
=CAT  \\$aW1704-1242$b00$c20170509$lBLL01$h0927
=CAT  \\$aBATCH-UPD$b00$c20170509$lBLL01$h0927
=CAT  \\$aBATCH-UPD$b00$c20170509$lBLL01$h0938
=CAT  \\$aW2003-0365$c20200305$lBLL01$h1101
=FIN  \\$aY$d20170509
=SID  \\$aZ30$bOCLC
=SRC  \\$aJapanKnowledge_2017$bJK_OCLC20170203.mrc
=LAS  \\$aW2003-0365$b00$c20200305$lBLL01$h1101

