=LDR  02071 am a22005534i 4500
=001  018337709
=003  Uk
=005  20170106042743.0
=006  m\\\\\o\\d\\\\\\\\
=007  cr\|||||||||||
=008  151214s1973\\\\ja\\\\\\\\\\\\000\0\jpn\d
=FMT  \\$a  BK
=035  \\$a(OCoLC)932129334
=040  \\$aYUS$beng$cYUS$dOCLCO$dOCLCF$dUk$erda$epn
=041  1\$ajpn$hfre
=050  \4$aBF1708.2
=100  1\$aCouderc, Paul,$eauthor.
=240  10$aAstrologie.$lJapanese
=245  00$6880-01$aSenseijutsu /$cPōru Kūdēru cho ; Arita Tadao, Sugawara Takao kyōyaku.
=264  \1$6880-02$aTōkyō :$bHakusuisha,$c1973.
=300  \\$a1 online resource.
=336  \\$atext$btxt$2rdacontent
=337  \\$acomputer$bc$2rdamedia
=338  \\$aonline resource$bcr$2rdacarrier
=490  1\$6880-03$aBunko kuseju ;$v535
=588  \\$aDescription based on print version.
=650  \0$aAstrology.
=650  \7$aAstrology.$2fast$0(OCoLC)fst00819398
=700  1\$6880-04$aArita, Tadao,$d1928-$etranslator.
=700  1\$6880-05,$aSugawara, Takao.$etranslator.
=773  0\$tJapanKnowledge
=776  08$iPrint version:$tSenseijutsu.
=830  \0$6880-06$aBunko kuseju$v535.
=856  40$3JapanKnowledge$uhttp://japanknowledge.com/lib/display/?lid=8021005350000$yJapanKnowledge Lib
=880  00$6245-01/{dollar}1$a占星術 /$cポール・クーデール著 ; 有田忠郎, 菅原孝雄共訳.
=880  \1$6264-02/{dollar}1$a東京 :$b白水社,$c1973.
=880  1\$6490-03/{dollar}1$a文庫クセジュ ;$v535
=880  1\$6700-04/{dollar}1$a有田忠郎,$d1928-$etranslator.
=880  1\$6700-05/{dollar}1$a菅原孝雄,$etranslator.
=880  \0$6830-06/{dollar}1$a文庫クセジュ ;$v535.
=859  \\$aORR$bJapanKnowledge
=CAT  \\$aW1704-1242$b00$c20170509$lBLL01$h0927
=CAT  \\$aBATCH-UPD$b00$c20170509$lBLL01$h0927
=CAT  \\$aBATCH-UPD$b00$c20170509$lBLL01$h0938
=CAT  \\$aW2003-0365$c20200305$lBLL01$h1101
=FIN  \\$aY$d20170509
=SID  \\$aZ30$bOCLC
=SRC  \\$aJapanKnowledge_2017$bJK_OCLC20170203.mrc
=LAS  \\$aW2003-0365$b00$c20200305$lBLL01$h1101

