=LDR  03470 am a22006857a 4500
=001  018337710
=003  Uk
=005  20170106042744.0
=006  m\\\\\o\\d\\\\\\\\
=007  cr\un|||||||||
=008  120202m19791982ja\a\\\\o\\\\\000\0\jpn\d
=FMT  \\$a  BK
=035  \\$a(OCoLC)774928510
=040  \\$aCUS$beng$cCUS$dOCLCQ$dOCLCF$dYUS$dOCLCO$dOCLCQ$dYUS$dOCLCO$dOCL$dOCLCQ$dYUS$dOCLCO$dUk
=043  \\$aa-ja---
=100  1\$6880-01$aMatsuura, Seizan,$d1760-1841
=245  10$6880-02$aKasshi yawa zokuhen /$cMatsuura Seizan ; Nakamura Yukihiko, Nakano Mitsutoshi kōtei.
=250  \\$6880-03$aShohan.
=260  \\$6880-04$aTōkyō :$bHeibonsha,$c1979-1982.
=300  \\$a1 online resource (8 volumes) :$billustrations.
=336  \\$atext$btxt$2rdacontent
=337  \\$acomputer$bc$2rdamedia
=338  \\$aonline resource$bcr$2rdacarrier
=490  1\$6880-05$aTōyō bunko ;$v360, 364, 369, 375, 381, 385, 396, 400
=588  0\$aPrint version record.
=648  \7$a1600-1868$2fast
=651  \0$aJapan$xHistory$yTokugawa period, 1600-1868.
=651  \7$aJapan.$2fast$0(OCoLC)fst01204082
=655  \7$aHistory.$2fast$0(OCoLC)fst01411628
=700  1\$6880-06$aNakamura, Yukihiko,$d1911-1998
=700  1\$6880-07$aNakano, Mitsutoshi,$d1935-
=773  0\$tJapanKnowledge
=776  08$iPrint version:$aMatsuura, Seizan, 1760-1841.$tKasshi yawa zokuhen.$bShohan.$dTōkyō : Heibonsha, 1979-1982
=830  \0$6880-08$aTōyō bunko$v360, 364, 369, 375, 381, 385, 396, 400.
=856  40$3JapanKnowledge Volume 8$uhttp://japanknowledge.com/lib/display/?lid=80010V0400P0002$yJapanKnowledge Lib
=856  40$3JapanKnowledge Volume 1$uhttp://japanknowledge.com/lib/display/?lid=80010V0360P0002$yJapanKnowledge Lib
=856  40$3JapanKnowledge Volume 2$uhttp://japanknowledge.com/lib/display/?lid=80010V0364P0002$yJapanKnowledge Lib
=856  40$3JapanKnowledge Volume 3$uhttp://japanknowledge.com/lib/display/?lid=80010V0369P0002$yJapanKnowledge Lib
=856  40$3JapanKnowledge Volume 4$uhttp://japanknowledge.com/lib/display/?lid=80010V0375P0002$yJapanKnowledge Lib
=856  40$3JapanKnowledge Volume 5$uhttp://japanknowledge.com/lib/display/?lid=80010V0381P0002$yJapanKnowledge Lib
=856  40$3JapanKnowledge Volume 6$uhttp://japanknowledge.com/lib/display/?lid=80010V0385P0002$yJapanKnowledge Lib
=856  40$3JapanKnowledge Volume 7$uhttp://japanknowledge.com/lib/display/?lid=80010V0396P0002$yJapanKnowledge Lib
=880  1\$6100-01/{dollar}1$a松浦静山,$d1760-1841.
=880  10$6245-02/{dollar}1$a甲子夜話続篇 /$c松浦静山 ; 中村幸彦, 中野三敏校訂.
=880  \\$6250-03/{dollar}1$a初版.
=880  \\$6260-04/{dollar}1$a東京 :$b平凡社,$c1979-1982.
=880  1\$6490-05/{dollar}1$a東洋文庫 ;$v360, 364, 369, 375, 381, 385, 396, 400
=880  \\$6500-00/{dollar}1$a"底本には松浦素氏蔵, 「平戶藩楽歲堂蔵書」本を用いた."
=880  1\$6700-06/{dollar}1$a中村幸彦,$d1911-1998.
=880  1\$6700-07/{dollar}1$a中野三敏,$d1935-
=880  \0$6830-08/{dollar}1$a東洋文庫 ;$v360, 364, 369, 375, 381, 385, 396, 400.
=859  \\$aORR$bJapanKnowledge
=CAT  \\$aW1704-1242$b00$c20170509$lBLL01$h0927
=CAT  \\$aBATCH-UPD$b00$c20170509$lBLL01$h0927
=CAT  \\$aBATCH-UPD$b00$c20170509$lBLL01$h0938
=CAT  \\$aW2003-0365$c20200305$lBLL01$h1101
=FIN  \\$aY$d20170509
=SID  \\$aZ30$bOCLC
=SRC  \\$aJapanKnowledge_2017$bJK_OCLC20170203.mrc
=LAS  \\$aW2003-0365$b00$c20200305$lBLL01$h1101

