=LDR  02735 am a22006857a 4500
=001  018337711
=003  Uk
=005  20170106042744.0
=006  m\\\\\o\\d\\\\\\\\
=007  cr\|||||||||||
=008  101101s1968\\\\ja\ch\\\o\\\\\000\0\jpn\d
=FMT  \\$a  BK
=019  \\$a556077962$a760051028
=035  \\$a(OCoLC)676720193$z(OCoLC)556077962$z(OCoLC)760051028
=040  \\$aOCLCE$beng$cOCLCE$dOCLCQ$dCUS$dOCLCQ$dOCLCO$dOCLCQ$dOCLCF$dYUS$dOCLCO$dYUS$dOCLCO$dOCLCQ$dYUS$dOCLCO$dUk$epn
=041  1\$ajpn$achi$hchi
=042  \\$adlr
=043  \\$aa-ja---
=050  \4$aAC145$b.T6V.111
=050  \4$aPL2710.U3$bR53163 1968
=100  1\$6880-01$aHuang, Zunxian,$d1848-1905
=240  10$6880-02$aRiben za shi shi.$lJapanese
=245  10$6880-03$aNihon zatsujishi /$cKō Junken cho ; Sanetō Keishū, Toyoda Minoru yaku.
=250  \\$6880-04$aShohan.
=260  \\$6880-05$aTōkyō :$bHeibonsha,$c1968.
=300  \\$a1 online resource (322 pages) :$bportrait, facsimile.
=336  \\$atext$btxt$2rdacontent
=337  \\$acomputer$bc$2rdamedia
=338  \\$aonline resource$bcr$2rdacarrier
=490  1\$6880-06$aTōyō bunko ;$v111
=546  \\$aTranslation of: Jih-pen tsa shih shih.
=588  0\$aPrint version record.
=651  \0$aJapan$xHistory$vPoetry.
=651  \7$aJapan.$2fast$0(OCoLC)fst01204082
=655  \7$aHistory.$2fast$0(OCoLC)fst01411628
=655  \7$aPoetry.$2fast$0(OCoLC)fst01423828
=700  1\$6880-07$aSanetō, Keishū,$d1896-
=700  1\$6880-08$aToyoda, Minoru,$d1912-1946
=773  0\$tJapanKnowledge
=776  08$iPrint version:$aHuang, Zunxian, 1848-1905.$sRiben za shi shi. Japanese.$tNihon zatsujishi.$bShohan.$dTōkyō : Heibonsha, 1968
=830  \0$6880-09$aTōyō bunko$v111.
=856  40$3JapanKnowledge$uhttp://japanknowledge.com/lib/display/?lid=80010V0111P0002$yJapanKnowledge Lib
=880  1\$6100-01/{dollar}1$a黄遵憲,$d1848-1905.
=880  10$6240-02/{dollar}1$a日本雑事詩.$lJapanese
=880  10$6245-03/{dollar}1$a日本雑事詩 /$c黄遵憲著 ; 実藤恵秀, 豊田穰訳.
=880  \\$6250-04/{dollar}1$a初版.
=880  \\$6260-05/{dollar}1$a東京 :$b平凡社,$c1968.
=880  1\$6490-06/{dollar}1$a東洋文庫 ;$v111
=880  1\$6700-07/{dollar}1$a實藤惠秀,$d1896-
=880  1\$6700-08/{dollar}1$a豊田穣,$d1912-1946.
=880  \0$6830-09/{dollar}1$a東洋文庫 ;$v111.
=859  \\$aORR$bJapanKnowledge
=CAT  \\$aW1704-1242$b00$c20170509$lBLL01$h0927
=CAT  \\$aBATCH-UPD$b00$c20170509$lBLL01$h0927
=CAT  \\$aBATCH-UPD$b00$c20170509$lBLL01$h0938
=CAT  \\$aW2003-0365$c20200305$lBLL01$h1101
=FIN  \\$aY$d20170509
=SID  \\$aZ30$bOCLC
=SRC  \\$aJapanKnowledge_2017$bJK_OCLC20170203.mrc
=LAS  \\$aW2003-0365$b00$c20200305$lBLL01$h1101

