=LDR  02213 am a22005654i 4500
=001  018337712
=003  Uk
=005  20170106042744.0
=006  m\\\\\o\\d\\\\\\\\
=007  cr\|||||||||||
=008  151113s2006\\\\ja\\\\\\od\\\\000\0\jpn\d
=FMT  \\$a  BK
=020  \\$z4095061510
=020  \\$z9784095061511
=035  \\$a(OCoLC)929030682
=040  \\$aYUS$beng$cYUS$dYUS$dOCLCO$dOCLCF$dUk$erda$epn
=041  0\$ajpn$achi
=245  00$6880-01$aPoketto puroguresshibu Chū-Nichi Nitchū jiten /$cTakenobu Akira, Yamada Shin'ichi, Furukawa Yutaka, Mori Hiroko hen.
=264  \1$6880-02$aTōkyō :$bShōgakkan,$c2006.
=300  \\$a1 online resource
=336  \\$atext$btxt$2rdacontent
=337  \\$acomputer$bc$2rdamedia
=338  \\$aonline resource$bcr$2rdacarrier
=588  \\$aDescription based on print version.
=650  \0$aChinese language$vDictionaries$xJapanese.
=650  \0$aJapanese language$vDictionaries$xChinese.
=650  \7$aChinese language.$2fast$0(OCoLC)fst00857383
=650  \7$aJapanese language.$2fast$0(OCoLC)fst00981565
=655  \7$aDictionaries.$2fast$0(OCoLC)fst01423826
=700  1\$6880-03$aTakenobu, Akira.
=700  1\$6880-04$aYamada, Shin'ichi.
=700  1\$6880-05$aFurukawa, Yutaka.
=700  1\$6880-06$aMori, Hiroko.
=773  0\$tJapanKnowledge
=776  08$iPrint version:$tPoketto puroguresshibu chūnichi nitchū jiten
=856  40$3JapanKnowledge$uhttp://japanknowledge.com/lib/search/basic/index.html?cids=46550%2C46551$yJapanKnowledge Lib
=880  00$6245-01/{dollar}1$aポケットプログレッシブ中日・日中辞典 /$c武信彰 ; 山田真一 ; 古川裕 ; 森宏子編.
=880  \1$6264-02/{dollar}1$a東京 :$b小学館,$c2006.
=880  1\$6700-03/{dollar}1$a武信彰.
=880  1\$6700-04/{dollar}1$a山田真一.
=880  1\$6700-05/{dollar}1$a古川裕.
=880  1\$6700-06/{dollar}1$a森宏子.
=859  \\$aORR$bJapanKnowledge
=CAT  \\$aW1704-1242$b00$c20170509$lBLL01$h0927
=CAT  \\$aBATCH-UPD$b00$c20170509$lBLL01$h0927
=CAT  \\$aW2003-0365$c20200305$lBLL01$h1101
=FIN  \\$aY$d20170509
=SID  \\$aZ30$bOCLC
=SRC  \\$aJapanKnowledge_2017$bJK_OCLC20170203.mrc
=LAS  \\$aW2003-0365$b00$c20200305$lBLL01$h1101

