=LDR  02858 am a2200685 a 4500
=001  018337713
=003  Uk
=005  20170106042745.0
=006  m\\\\\o\\d\\\\\\\\
=007  cr\un|||||||||
=008  120329s1996\\\\ja\ab\\\ob\\\\000\0\jpn\d
=FMT  \\$a  BK
=020  \\$z4582805981
=020  \\$z9784582805987
=035  \\$a(OCoLC)781968021
=040  \\$aCUS$beng$cCUS$dOCLCQ$dOCLCA$dOCLCQ$dOCLCF$dYUS$dOCLCO$dYUS$dOCLCO$dOCLCQ$dYUS$dOCLCO$dUk
=041  1\$ajpn$hchi
=043  \\$aa-cc-ho
=050  \4$aDS796.K26$bM46 1996
=100  1\$6880-01$aMeng, Yuanlao,$dactive 1126-1147
=240  10$6880-02$aDongjing meng hua lu.$lJapanese
=245  10$6880-03$aTōkei mukaroku :$bSōdai no toshi to seikatsu /$cMō Genrō cho ; Iriya Yoshitaka, Umehara Kaoru yakuchū.
=250  \\$6880-04$aShohan.
=260  \\$6880-05$aTōkyō :$bHeibonsha,$c1996.
=300  \\$a1 online resource (359 pages) :$billustrations, maps.
=336  \\$atext$btxt$2rdacontent
=337  \\$acomputer$bc$2rdamedia
=338  \\$aonline resource$bcr$2rdacarrier
=490  1\$6880-06$aTōyō bunko ;$v598
=504  \\$aIncludes bibliographical references.
=546  \\$aTranslation of: Tung-ching meng hua lu.
=588  0\$aPrint version record.
=650  \7$aTravel.$2fast$0(OCoLC)fst01155558
=651  \0$6880-07$aKaifeng Shi (China)$xDescription and travel.
=651  \7$aChina$zKaifeng Shi.$2fast$0(OCoLC)fst01214610
=700  1\$6880-08$aIriya, Yoshitaka,$d1910-1998
=700  1\$6880-09$aUmehara, Kaoru,$d1934-
=773  0\$tJapanKnowledge
=776  08$iPrint version:$aMeng, Yuanlao, active 1126-1147.$sDongjing meng hua lu. Japanese.$tTōkei mukaroku.$bShohan.$dTōkyō : Heibonsha, 1996$z4582805981
=830  \0$6880-10$aTōyō bunko$v598.
=856  40$3JapanKnowledge$uhttp://japanknowledge.com/lib/display/?lid=80010V0598P0002$yJapanKnowledge Lib
=880  1\$6100-01/{dollar}1$a孟元老,$dactive 1126-1147.
=880  10$6240-02/{dollar}1$a東京夢華錄.$lJapanese
=880  10$6245-03/{dollar}1$a東京夢華錄 :$b宋代の都市と生活 /$c孟元老著 ; 入矢義高, 梅原郁訳注.
=880  \\$6250-04/{dollar}1$a初版.
=880  \\$6260-05/{dollar}1$a東京 :$b平凡社,$c1996.
=880  1\$6490-06/{dollar}1$a東洋文庫 ;$v598
=880  \4$6651-07/{dollar}1$a開封市 (China)$xDescription and travel.
=880  1\$6700-08/{dollar}1$a入矢義高,$d1910-1998.
=880  1\$6700-09/{dollar}1$a梅原郁,$d1934-
=880  \0$6830-10/{dollar}1$a東洋文庫 ;$v598.
=859  \\$aORR$bJapanKnowledge
=CAT  \\$aW1704-1242$b00$c20170509$lBLL01$h0927
=CAT  \\$aBATCH-UPD$b00$c20170509$lBLL01$h0927
=CAT  \\$aBATCH-UPD$b00$c20170509$lBLL01$h0938
=CAT  \\$aW2003-0365$c20200305$lBLL01$h1101
=FIN  \\$aY$d20170509
=SID  \\$aZ30$bOCLC
=SRC  \\$aJapanKnowledge_2017$bJK_OCLC20170203.mrc
=LAS  \\$aW2003-0365$b00$c20200305$lBLL01$h1101

