=LDR  02969 am a22007577a 4500
=001  018337714
=003  Uk
=005  20170106042745.0
=006  m\\\\\o\\d\\\\\\\\
=007  cr\|||||||||||
=008  101206s1969\\\\ja\a\\\\o\\\\\001\0\jpn\d
=FMT  \\$a  BK
=019  \\$a690073610
=020  \\$z4582801307
=020  \\$z9784582801309
=035  \\$a(OCoLC)690073609$z(OCoLC)690073610
=040  \\$aOCLCE$beng$cOCLCE$dOCLCQ$dOCLCA$dCUS$dOCLCQ$dOCLCA$dOCLCF$dOCLCQ$dOCLCO$dYUS$dOCLCO$dYUS$dOCLCO$dOCLCQ$dYUS$dOCLCO$dUk$epn
=041  1\$ajpn$hchi
=042  \\$adlr
=043  \\$aa-cc---
=050  \4$aQ127.C5$bS816 1969
=100  1\$6880-01$aSong, Yingxing,$d1587-approximately 1666
=240  10$6880-02$aTian gong kai wu.$lJapanese
=245  10$6880-03$aTenkō kaibutsu /$cSō Ōsei sen ; Yabuuchi Kiyoshi yakuchū.
=250  \\$6880-04$aShohan.
=260  \\$6880-05$aTōkyō :$bHeibonsha,$c1969$g(1981 printing)
=300  \\$a1 online resource (11, 379, 17 pages) :$billustrations.
=336  \\$atext$btxt$2rdacontent
=337  \\$acomputer$bc$2rdamedia
=338  \\$aonline resource$bcr$2rdacarrier
=490  1\$6880-06$aTōyō bunko ;$v130
=500  \\$aIncludes index.
=546  \\$aTranslation of Tian gong kai wu.
=588  0\$aPrint version record.
=650  \0$aScience$zChina$xHistory.
=650  \0$aTechnology$zChina$xHistory.
=650  \7$aScience.$2fast$0(OCoLC)fst01108176
=650  \7$aTechnology.$2fast$0(OCoLC)fst01145078
=651  \7$aChina.$2fast$0(OCoLC)fst01206073
=653  \\$6880-07$aGijutsu$aRekishi.
=653  \\$6880-08$aChūgoku$aKōgyō$aRekishi.
=655  \7$aHistory.$2fast$0(OCoLC)fst01411628
=700  1\$6880-09$aYabuuchi, Kiyoshi,$d1906-2000
=773  0\$tJapanKnowledge
=776  08$iPrint version:$aSong, Yingxing, b. 1587.$sTian gong kai wu. Japanese.$tTenkō kaibutsu.$bShohan.$dTōkyō : Heibonsha, 1969
=830  \0$6880-10$aTōyō bunko$v130.
=856  40$3JapanKnowledge$uhttp://japanknowledge.com/lib/display/?lid=80010V0130P0002$yJapanKnowledge Lib
=880  1\$6100-01/{dollar}1$a宋應星,$d1587-
=880  10$6240-02/{dollar}1$a天工開物.$lJapanese
=880  10$6245-03/{dollar}1$a天工開物 /$c宋應星撰 ; 藪內清訳注.
=880  \\$6250-04/{dollar}1$a初版.
=880  \\$6260-05/{dollar}1$a東京 :$b平凡社,$c1969$g(1981 printing)
=880  1\$6490-06/{dollar}1$a東洋文庫 ;$v130
=880  \\$6653-07/{dollar}1$a技術$a歴史.
=880  \\$6653-08/{dollar}1$a中国$a工業$a歴史.
=880  1\$6700-09/{dollar}1$a藪內清,$d1906-2000.
=880  \0$6830-10/{dollar}1$a東洋文庫 ;$v130.
=859  \\$aORR$bJapanKnowledge
=CAT  \\$aW1704-1242$b00$c20170509$lBLL01$h0927
=CAT  \\$aBATCH-UPD$b00$c20170509$lBLL01$h0927
=CAT  \\$aW2003-0365$c20200305$lBLL01$h1101
=CAT  \\$aBATCH-UPD$b00$c20201008$lBLL01$h2044
=FIN  \\$aY$d20170509
=SID  \\$aZ30$bOCLC
=SRC  \\$aJapanKnowledge_2017$bJK_OCLC20170203.mrc
=LAS  \\$aBATCH-UPD$b00$c20201008$lBLL01$h2044

