=LDR  02561 am a22005774i 4500
=001  018337715
=003  Uk
=005  20170106042745.0
=006  m\\\\\o\\d\\\\\\\\
=007  cr\|||||||||||
=008  151112s2008\\\\mauab\\god\\\\001\0\eng\d
=FMT  \\$a  BK
=020  \\$z4889962549 (pbk.)
=020  \\$z9784889962543 (pbk.)
=035  \\$a(OCoLC)928950115
=040  \\$aYUS$beng$cYUS$dYUS$dOCLCO$dYUS$dOCLCO$dUk$erda$epn
=041  0\$aeng$bjpn
=050  00$aPL679$b.C55 2008
=245  00$6880-01$a[Collins Kōbirudo Beigoban Ei-Ei-Wa jiten] =$bCollins Cobuild advanced dictionary of American English : English/Japanese.
=246  14$aEnglish /Japanese advanced dictionary of American English.
=246  31$aAdvanced dictionary of American English :$bEnglish /Japanese.
=246  31$aCollins Cobuild advanced dictionary of American English :$bEnglish/Japanese.
=264  \1$6880-02$a[Tōkyō :$bSengēji Rāningu],$c2008 ;$aTōkyō :$bNihon Shuppan Bōeki.
=264  \1$aBoston, MA :$bHeinle,$c2008.
=300  \\$a1 online resource.
=336  \\$atext$btxt$2rdacontent
=337  \\$acomputer$bc$2rdamedia
=338  \\$aonline resource$bcr$2rdacarrier
=490  0\$aThe COBUILD series
=500  \\$aIncludes index.
=588  \\$aDescription based on print version.
=650  \0$aEnglish language$vDictionaries$xJapanese.
=650  \0$aEnglish language$vTextbooks for foreign speakers$xJapanese.
=650  \0$aJapanese language$vDictionaries$xEnglish.
=650  \7$aEnglish language.$2fast$0(OCoLC)fst00910920
=650  \7$aJapanese language.$2fast$0(OCoLC)fst00981565
=655  \7$aDictionaries.$2fast$0(OCoLC)fst01423826
=655  \7$aTextbooks$vfor Japanese speakers.$2fast$0(OCoLC)fst01424285
=773  0\$tJapanKnowledge
=776  08$iPrint version:$tCollins kōbirudo beigoban eieiwa jiten
=856  40$3JapanKnowledge$uhttp://japanknowledge.com/lib/search/basic/?cids=40061$yJapanKnowledge Lib
=880  00$6245-01/{dollar}1$a[Collinsコウビルド米語版英英和辞典] =$bCollins Cobuild advanced dictionary of American English : English/Japanese.
=880  \1$6264-02/{dollar}1$a[東京 :$bセンゲージラーニング],$c2008 ;$a東京 :$b日本出版貿易(発売)
=859  \\$aORR$bJapanKnowledge
=CAT  \\$aW1704-1242$b00$c20170509$lBLL01$h0927
=CAT  \\$aBATCH-UPD$b00$c20170509$lBLL01$h0927
=CAT  \\$aW2003-0365$c20200305$lBLL01$h1101
=FIN  \\$aY$d20170509
=SID  \\$aZ30$bOCLC
=SRC  \\$aJapanKnowledge_2017$bJK_OCLC20170203.mrc
=LAS  \\$aW2003-0365$b00$c20200305$lBLL01$h1101

