=LDR  02077 am a22005414i 4500
=001  018337716
=003  Uk
=005  20170106042746.0
=006  m\\\\\o\\d\\\\\\\\
=007  cr\|||||||||||
=008  151113s2002\\\\ja\\\\\\o\\\\\001\0\jpn\d
=FMT  \\$a  BK
=020  \\$z4560058563
=020  \\$z9784560058565
=035  \\$a(OCoLC)929031230
=040  \\$aCNEAL$beng$cYUS$dOCLCO$dYUS$dOCLCO$dOCLCF$dUk$erda$epn
=041  1\$ajpn$hfre
=050  \4$aF1419.A1$bF38165 2002
=100  1\$aFavre, Henri,$d1937-$eauthor.
=245  10$6880-01$aIndihenisumo :$bRaten Amerika senjūmin yōgo undō no rekishi /$cAnri Favūru cho ; Someda Hidefuji yaku.
=264  \1$6880-02$aTōkyō :$bHakusuisha,$c2002.
=300  \\$a1 online resource.
=336  \\$atext$btxt$2rdacontent
=337  \\$acomputer$bc$2rdamedia
=338  \\$aonline resource$bcr$2rdacarrier
=490  1\$6880-03$aBunko kuseju ;$v856
=500  \\$aIncludes index.
=588  \\$aDescription based on print version.
=650  \0$aIndigenous peoples.
=650  \7$aIndigenous peoples.$2fast$0(OCoLC)fst00970213
=700  1\$6880-04$aSomeda, Hidefuji,$d1944-
=773  0\$tJapanKnowledge
=776  08$iPrint version:$tIndihenisumo
=830  \0$6880-05$aBunko kuseju$v856.
=856  40$3JapanKnowledge$uhttp://japanknowledge.com/lib/display/?lid=8021008560000$yJapanKnowledge Lib
=880  10$6245-01/{dollar}1$aインディヘニスモ :$bラテンアメリカ先住民擁護運動の歴史 /$cアンリ・ファーヴル著 ; 染田秀藤訳.
=880  \1$6264-02/{dollar}1$a東京 :$b白水社,$c2002.
=880  1\$6490-03/{dollar}1$a文庫クセジュ ;$v856
=880  1\$6700-04/{dollar}1$a染田, 秀藤,$d1944-
=880  \0$6830-05/{dollar}1$a文庫クセジュ ;$v856.
=859  \\$aORR$bJapanKnowledge
=CAT  \\$aW1704-1242$b00$c20170509$lBLL01$h0927
=CAT  \\$aBATCH-UPD$b00$c20170509$lBLL01$h0927
=CAT  \\$aW2003-0365$c20200305$lBLL01$h1101
=FIN  \\$aY$d20170509
=SID  \\$aZ30$bOCLC
=SRC  \\$aJapanKnowledge_2017$bJK_OCLC20170203.mrc
=LAS  \\$aW2003-0365$b00$c20200305$lBLL01$h1101

