=LDR  02346 am a22006134i 4500
=001  018337717
=003  Uk
=005  20170106042746.0
=006  m\\\\\o\\d\\\\\\\\
=007  cr\|||||||||||
=008  151113s2002\\\\ja\\\\\\o\\\\\000\0\jpn\d
=FMT  \\$a  BK
=020  \\$z4560058474
=020  \\$z9784560058473
=035  \\$a(OCoLC)929031285
=040  \\$aCNEAL$beng$cYUS$dOCLCO$dYUS$dOCLCO$dOCLCF$dUk$erda$epn
=041  1\$ajpn$hfre
=050  \4$aGN495.6$b.M378165 2002
=100  1\$aMartiniello, Marco,$eauthor.
=240  10$aEhniciť dans les sciences sociales contemporaines.$lJapanese
=245  10$6880-01$aEsunishiti no shakaigaku /$cMaruko Marutinierro cho ; Miyajima Takashi yaku
=264  \1$6880-02$aTokyo :$bHakusuisha ,$c2002.
=300  \\$a1 online resource.
=336  \\$atext$btxt$2rdacontent
=337  \\$acomputer$bc$2rdamedia
=338  \\$aonline resource$bcr$2rdacarrier
=490  1\$6880-03$aBunko kuseju ;$v847
=500  \\$aTranslation of: L'ethniciť dans les sciences sociales contemporaines.
=588  \\$aDescription based on print version.
=650  \0$aEthnicity.
=650  \0$aEthnology.
=650  \0$aSocial sciences.
=650  \7$aEthnicity.$2fast$0(OCoLC)fst00916034
=650  \7$aEthnology.$2fast$0(OCoLC)fst00916106
=650  \7$aSocial sciences.$2fast$0(OCoLC)fst01122877
=700  1\$6880-04$aMiyajima, Takashi,$d1940-
=773  0\$tJapanKnowledge
=776  08$iPrint version:$tEsunishiti no shakaigaku.
=830  \0$6880-05$aBunko kuseju$v847.
=856  40$3JapanKnowledge$uhttp://japanknowledge.com/lib/display/?lid=8021008470000$yJapanKnowledge Lib
=880  10$6245-01/{dollar}1$aエスニシティの社会学 /$cマルコ・マルティニエッロ著 ; 宮島喬訳
=880  \1$6264-02/{dollar}1$a東京 :$b白水社 ,$c2002.
=880  1\$6490-03/{dollar}1$a文庫クセジュ ;$v847
=880  1\$6700-04/{dollar}1$a宮島喬$d1940-
=880  \0$6830-05/{dollar}1$a文庫クセジュ ;$v847.
=859  \\$aORR$bJapanKnowledge
=CAT  \\$aW1704-1242$b00$c20170509$lBLL01$h0927
=CAT  \\$aBATCH-UPD$b00$c20170509$lBLL01$h0927
=CAT  \\$aBATCH-UPD$b00$c20170509$lBLL01$h0938
=CAT  \\$aW2003-0365$c20200305$lBLL01$h1101
=FIN  \\$aY$d20170509
=SID  \\$aZ30$bOCLC
=SRC  \\$aJapanKnowledge_2017$bJK_OCLC20170203.mrc
=LAS  \\$aW2003-0365$b00$c20200305$lBLL01$h1101

