=LDR  03065 am a2200649 a 4500
=001  018337718
=003  Uk
=005  20170106042746.0
=006  m\\\\\o\\d\\\\\\\\
=007  cr\un|||||||||
=008  120131m19651966ja\ac\\\o\\\\\000\0\jpn\\
=FMT  \\$a  BK
=035  \\$a(OCoLC)774591959
=040  \\$aCUS$beng$cCUS$dOCLCQ$dOCLCF$dYUS$dOCLCO$dOCLCQ$dYUS$dOCLCO$dOCL$dOCLCQ$dYUS$dOCLCO$dUk
=043  \\$aa-ja---
=050  14$aDS881.3$b.Y32
=100  1\$6880-01$aYamakawa, Hiroshi,$d1845-1898
=245  10$6880-02$aKyōto shugoshoku shimatsu :$bkyū Aizu-han rōshin no shuki /$cYamakawa Hiroshi cho ; Tōyama Shigeki kōchū ; Kaneko Mitsuharu yaku.
=246  30$6880-03$aKyū Aizu-han rōshin no shuki
=260  \\$6880-04$aTōkyō :$bHeibonsha,$c1965-1966.
=300  \\$a1 online resource (2 volumes) :$billustrations, portraits.
=336  \\$atext$btxt$2rdacontent
=337  \\$acomputer$bc$2rdamedia
=338  \\$aonline resource$bcr$2rdacarrier
=490  1\$6880-05$aTōyō bunko ;$v49, 60
=500  \\$6880-06$aHonsho wa saihanbon (Meiji yonjūyonenkan hakkōsha Numasawa Shirō, Kurokōchi Yoshinagi) ... o teihon to shita.
=588  0\$aPrint version record.
=600  10$6880-07$aMatsudaira, Katamori,$d1835-1893
=600  17$aMatsudaira, Katamori,$d1835-1893$2fast$0(OCoLC)fst00155540
=648  \7$a1853-1870$2fast
=651  \0$aJapan$xHistory$yRestoration, 1853-1870.
=651  \7$aJapan.$2fast$0(OCoLC)fst01204082
=655  \7$aHistory.$2fast$0(OCoLC)fst01411628
=700  1\$6880-08$aTōyama, Shigeki,$d1914-2011
=773  0\$tJapanKnowledge
=776  08$iPrint version:$aYamakawa, Hiroshi, 1845-1898.$tKyōto shugoshoku shimatsu.$dTōkyō : Heibonsha, 1965-1966$z4582800491
=830  \0$6880-09$aTōyō bunko$v49, 60.
=856  40$3JapanKnowledge Volume 2$uhttp://japanknowledge.com/lib/display/?lid=80010V0060P0002$yJapanKnowledge Lib
=856  40$3JapanKnowledge Volume 1$uhttp://japanknowledge.com/lib/display/?lid=80010V0049P0002$yJapanKnowledge Lib
=880  1\$6100-01/{dollar}1$a山川浩,$d1845-1898.
=880  10$6245-02/{dollar}1$a京都守護職始末 :$b旧会津藩老臣の手記 /$c山川浩著 ; 遠山茂樹校注 ; 金子光晴訳.
=880  30$6246-03/{dollar}1$a旧会津藩老臣の手記
=880  \\$6260-04/{dollar}1$a東京 :$b平凡社,$c1965-1966.
=880  1\$6490-05/{dollar}1$a東洋文庫 ;$v49, 60
=880  \\$6500-06/{dollar}1$a本書は再版本(明治四十四年刋 発行者沼沢士郎・黒河內良名義) ... を底本とした.
=880  14$6600-07/{dollar}1$a松平容保,$d1835-1893.
=880  1\$6700-08/{dollar}1$a遠山茂樹,$d1914-2011.
=880  \0$6830-09/{dollar}1$a東洋文庫 ;$v49, 60.
=859  \\$aORR$bJapanKnowledge
=CAT  \\$aW1704-1242$b00$c20170509$lBLL01$h0927
=CAT  \\$aBATCH-UPD$b00$c20170509$lBLL01$h0927
=CAT  \\$aBATCH-UPD$b00$c20170509$lBLL01$h0938
=CAT  \\$aW2003-0365$c20200305$lBLL01$h1101
=FIN  \\$aY$d20170509
=SID  \\$aZ30$bOCLC
=SRC  \\$aJapanKnowledge_2017$bJK_OCLC20170203.mrc
=LAS  \\$aW2003-0365$b00$c20200305$lBLL01$h1101

