=LDR  02631 am a22006497a 4500
=001  018337719
=003  Uk
=005  20170106042746.0
=006  m\\\\\o\\d\\\\\\\\
=007  cr\|||||||||||
=008  110927r19901942ja\\\\\\ob\\\\000\1\jpn\d
=FMT  \\$a  BK
=019  \\$a658204029
=020  \\$z458280523X
=020  \\$z9784582805239
=035  \\$a(OCoLC)754873042$z(OCoLC)658204029
=040  \\$aOCLCE$beng$cOCLCE$dCUS$dOCLCQ$dOCLCA$dOCLCO$dOCLCQ$dYUS$dOCLCO$dYUS$dOCLCO$dOCLCQ$dYUS$dOCLCO$dUk$epn
=041  0\$ajpn$hurd
=042  \\$adlr
=050  \4$aPK2198$b.B342 1990
=100  0\$aMīr Amman Dihlavī,$dactive 1801-1806.
=240  10$aBāgh o bahār.$lJapanese
=245  10$6880-01$aYonin no daruvēshu no monogatari /$cMīru Anman ; Gamō Reiichi yaku ; Asada Yutaka ho.
=250  \\$6880-02$aShohan.
=260  \\$6880-03$aTōkyō :$bHeibonsha,$c1990.
=300  \\$a1 online resource (vii, 300, 16 pages).
=336  \\$atext$btxt$2rdacontent
=337  \\$acomputer$bc$2rdamedia
=338  \\$aonline resource$bcr$2rdacarrier
=490  1\$6880-04$aTōyō bunko ;$v523
=500  \\$aReprint. Originally published: [Tokyo] : Seikatsusha, Shōwa 17 [1942]. With new introd.
=500  \\$aTranslation of: Bāgh o Bahār.
=504  \\$aIncludes bibliographical references.
=588  0\$aPrint version record.
=700  0\$aAmīr Khusraw Dihlavī,$dapproximately 1253-1325.
=700  1\$6880-05$aGamō, Reiichi,$d1901-1977
=740  02$a4-nin no daruvēshu no monogatari.
=740  02$aYonin no takuhatsusō no monogateri.
=773  0\$tJapanKnowledge
=776  08$iPrint version:$tYonin no daruvēshu no monogatari.$bShohan.$dTōkyō : Heibonsha, 1990$z458280523X
=830  \0$6880-06$aTōyō bunko$v523.
=856  40$3JapanKnowledge$uhttp://japanknowledge.com/lib/display/?lid=80010V0523P0002$yJapanKnowledge Lib
=880  10$6245-01/{dollar}1$a四人の托鉢僧の物語 /$cミール・アンマン ; 蒲生礼一訳 ; 麻田豊補.
=880  \\$6250-02/{dollar}1$a初版.
=880  \\$6260-03/{dollar}1$a東京 :$b平凡社,$c1990.
=880  1\$6490-04/{dollar}1$a東洋文庫 ;$v523
=880  1\$6700-05/{dollar}1$a蒲生礼一,$d1901-1977.
=880  \0$6830-06/{dollar}1$a東洋文庫 ;$v523.
=859  \\$aORR$bJapanKnowledge
=CAT  \\$aW1704-1242$b00$c20170509$lBLL01$h0927
=CAT  \\$aBATCH-UPD$b00$c20170509$lBLL01$h0927
=CAT  \\$aBATCH-UPD$b00$c20170509$lBLL01$h0938
=CAT  \\$aW2003-0365$c20200305$lBLL01$h1101
=FIN  \\$aY$d20170509
=SID  \\$aZ30$bOCLC
=SRC  \\$aJapanKnowledge_2017$bJK_OCLC20170203.mrc
=LAS  \\$aW2003-0365$b00$c20200305$lBLL01$h1101

