=LDR  02688 am a22006737  4500
=001  018337720
=003  Uk
=005  20170106042747.0
=006  m\\\\\o\\d\\\\\\\\
=007  cr\|||||||||||
=008  100626s1971\\\\ja\c\\\\ob\\\\000\0\jpn\d
=FMT  \\$a  BK
=019  \\$a300619837
=035  \\$a(OCoLC)644058491$z(OCoLC)300619837
=040  \\$aOCLCE$beng$cOCLCE$dOCLCQ$dOCLCO$dCUS$dOCLCF$dYUS$dOCLCO$dOCLCA$dYUS$dOCLCO$dOCLCQ$dYUS$dOCLCO$dUk$epn
=042  \\$adlr
=043  \\$aa-ja---
=050  \4$aGR340$b.N44 1971
=100  1\$aNevskiĭ, N. A.$q(Nikolaĭ Aleksandrovich),$d1892-1937.
=245  10$6880-01$aTsuki to fushi$cN. Nefusukī [cho] Oka Masao hen.
=260  \\$6880-02$aTōkyō,$bHeibonsha,$cShōwa 46 (1971)
=300  \\$a1 online resource (361 pages)$bportrait.
=336  \\$atext$btxt$2rdacontent
=337  \\$acomputer$bc$2rdamedia
=338  \\$aonline resource$bcr$2rdacarrier
=490  1\$6880-03$aTōyō bunko
=504  \\$aIncludes bibliographical references (pages 360-361).
=504  \\$aList of the author's works: pages 357-359.
=588  0\$aPrint version record.
=650  \0$aFolklore$zJapan.
=650  \0$aFolklorists$vCorrespondence.
=650  \0$aRyukyuan language$xDialects.
=650  \7$aFolklore.$2fast$0(OCoLC)fst00930306
=650  \7$aFolklorists.$2fast$0(OCoLC)fst00930376
=650  \7$aRyukyuan language$xDialects.$2fast$0(OCoLC)fst01102655
=651  \7$aJapan.$2fast$0(OCoLC)fst01204082
=655  \7$aRecords and correspondence.$2fast$0(OCoLC)fst01423917
=700  1\$6880-04,$aOka, Masao,$d1898-1982$eeditor.
=773  0\$tJapanKnowledge
=776  08$iPrint version:$aNevskiĭ, N. A.$tTsuki to fushi.$q(Nikolaĭ Aleksandrovich),$d1892-1937
=830  \0$6880-05$aTōyō bunko
=856  40$3JapanKnowledge$uhttp://japanknowledge.com/lib/display/?lid=80010V0185P0003$yJapanKnowledge Lib
=880  10$6245-01/{dollar}1$a月と不死,$cN. ネフスキー [著] 岡正雄編.
=880  \\$6260-02/{dollar}1$a東京,$b平凡社,$c昭和46 (1971)
=880  \\$6250-00/{dollar}1$a初版.
=880  1\$6490-03/{dollar}1$a東洋文庫
=880  1\$6700-04/{dollar}1$a岡正雄,$d1898-$eeditor.
=880  \0$6830-05/{dollar}1$a東洋文庫.
=859  \\$aORR$bJapanKnowledge
=CAT  \\$aW1704-1242$b00$c20170509$lBLL01$h0927
=CAT  \\$aBATCH-UPD$b00$c20170509$lBLL01$h0927
=CAT  \\$aBATCH-UPD$b00$c20170509$lBLL01$h0938
=CAT  \\$a5194$b40$c20170731$lBLL01$h1413
=CAT  \\$aBATCH-UPD$b40$c20170731$lBLL01$h1413
=CAT  \\$aW2003-0365$c20200305$lBLL01$h1101
=FIN  \\$aY$d20170509
=SID  \\$aZ30$bOCLC
=SRC  \\$aJapanKnowledge_2017$bJK_OCLC20170203.mrc
=LAS  \\$aW2003-0365$b00$c20200305$lBLL01$h1101

