=LDR  03305 am a22007454i 4500
=001  018337721
=003  Uk
=005  20170106042747.0
=006  m\\\\\o\\d\\\\\\\\
=007  cr\|||||||||||
=008  151112s2002\\\\ja\a\\\\ob\\\\000\j\jpn\d
=FMT  \\$a  BK
=020  \\$z4096580635
=020  \\$z9784096580639
=035  \\$a(OCoLC)928950308
=040  \\$aYUS$beng$cYUS$dOCLCO$dYUS$dOCLCO$dOCL$dYUS$dOCLCO$dUk$erda$epn
=043  \\$aa-ja---
=050  \4$aPL777.3$b.M84 2002
=245  00$6880-01$aMuromachi monogatari sōshishū :$bMonokusa Tarō, Issun-Bōshi, Shuten Dōji e, Isozaki, Kumano honji emaki hoka /$cŌshima Tatehiko, Watari Kōichi kōchū, yaku.
=264  \1$6880-02$aTōkyō :$bShōgakkan,$c2002.
=300  \\$a1 online resource.
=336  \\$atext$btxt$2rdacontent
=337  \\$acomputer$bc$2rdamedia
=338  \\$aonline resource$bcr$2rdacarrier
=490  1\$6880-03$aShinpen Nihon koten bungaku zenshū ;$v63
=504  \\$aIncludes bibliographical references (pages 480-482).
=505  00$tBunshō sōshi --$tOnzōshi shimawatari --$tSaru Genji sōshi --$tMonokusa Tarō --$tHashidate no honji --$tIzumi Shikibu --$tIssun-Bōshi --$tUrashima no Tarō --$tShuten Dōji e --$tIsozaki --$tKumano honji emaki --$tChūjōhime no honji --$tChōhōji yomigaeri no sōshi.
=588  \\$aDescription based on print version.
=648  \7$a1185-1600$2fast
=650  \0$aJapanese fiction$y1185-1600.
=650  \0$aShort stories, Japanese.
=650  \7$aJapanese fiction.$2fast$0(OCoLC)fst00981525
=650  \7$aShort stories, Japanese.$2fast$0(OCoLC)fst01117246
=700  1\$6880-04$aŌshima, Tatehiko,$d1932-
=700  1\$6880-05$aWatari, Kōichi,$d1954-
=740  02$6880-06$aMonokusa Tarō.
=740  02$6880-07$aIssun-Bōshi.
=740  02$6880-08$aShuten Dōji e.
=740  02$6880-09$aIsozaki.
=740  02$6880-10$aKumano honji emaki.
=773  0\$tJapanKnowledge
=776  08$iPrint version:$tMuromachi monogatari sōshishū
=830  \0$6880-11$aShinpen Nihon koten bungaku zenshū$v63.
=856  40$3JapanKnowledge$uhttp://japanknowledge.com/lib/display/?lid=80110V00630001$yJapanKnowledge Lib
=880  00$6245-01/{dollar}1$a室町物語草子集 :$bものくさ太郎, 一寸法師, 酒天童子絵, 磯崎, 熊野本地絵卷ほか /$c大島建彦, 渡浩一 校注・訳.
=880  \1$6264-02/{dollar}1$a東京 :$b小学館,$c2002.
=880  1\$6490-03/{dollar}1$a新編日本古典文学全集 ;$v63
=880  1\$6700-04/{dollar}1$a大島建彥,$d1932-
=880  1\$6700-05/{dollar}1$a渡浩一,$d1954-
=880  02$6740-06/{dollar}1$aものくさ太郎.
=880  02$6740-07/{dollar}1$a一寸法師.
=880  02$6740-08/{dollar}1$a酒天童子絵.
=880  02$6740-09/{dollar}1$a磯崎.
=880  02$6740-10/{dollar}1$a熊野本地絵卷.
=880  \0$6830-11/{dollar}1$a新編日本古典文学全集 ;$v63.
=859  \\$aORR$bJapanKnowledge
=CAT  \\$aW1704-1242$b00$c20170509$lBLL01$h0927
=CAT  \\$aBATCH-UPD$b00$c20170509$lBLL01$h0927
=CAT  \\$aBATCH-UPD$b00$c20170509$lBLL01$h0938
=CAT  \\$aW2003-0365$c20200305$lBLL01$h1101
=CAT  \\$aBATCH-UPD$b00$c20200918$lBLL01$h2044
=FIN  \\$aY$d20170509
=SID  \\$aZ30$bOCLC
=SRC  \\$aJapanKnowledge_2017$bJK_OCLC20170203.mrc
=LAS  \\$aBATCH-UPD$b00$c20200918$lBLL01$h2044

