=LDR  01932 am a22005294i 4500
=001  018337722
=003  Uk
=005  20170106042748.0
=006  m\\\\\o\\d\\\\\\\\
=007  cr\|||||||||||
=008  151112s1970\\\\ja\\\\\\ob\\\\000\0\jpn\d
=FMT  \\$a  BK
=020  \\$z4560054746
=020  \\$z9784560054741
=035  \\$a(OCoLC)928950685
=040  \\$aYUS$beng$cYUS$dOCLCO$dYUS$dOCLCO$dUk$erda$epn
=041  1\$ajpn$hfre
=050  \4$aBL2747.3$b.A7616 1970
=100  1\$aArvon, Henri,$d1914-1992,$eauthor.
=240  10$aAthéisme.$lJapanese
=245  10$6880-01$aMushinron /$cAnri Aruvon cho ; Takeuchi Yoshitomo, Kakita Kōji kyōyaku.
=264  \1$6880-02$aTōkyō :$bHakusuisha,$c1970.
=300  \\$a1 online resource.
=336  \\$atext$btxt$2rdacontent
=337  \\$acomputer$bc$2rdamedia
=338  \\$aonline resource$bcr$2rdacarrier
=490  1\$6880-03$aBunko kuseju ;$v474
=504  \\$aIncludes bibliographical references (pages 1-7 (2nd group)).
=588  \\$aDescription based on print version.
=650  \0$aAtheism.
=650  \7$aAtheism.$2fast$0(OCoLC)fst00819974
=773  0\$tJapanKnowledge
=776  08$iPrint version:$tMushinron
=830  \0$6880-04$aBunko kuseju$v474.
=856  40$3JapanKnowledge$uhttp://japanknowledge.com/lib/display/?lid=8021004740000$yJapanKnowledge Lib
=880  10$6245-01$a無神論 /$cアンリ・アルヴォン著 ; 竹內良知, 均田宏治共訳.
=880  \1$6264-02$a東京 :$b白水社,$c1970.
=880  1\$6490-03$a文庫クセジュ ;$v474
=880  \0$6830-04$a文庫クセジュ ;$v474.
=859  \\$aORR$bJapanKnowledge
=CAT  \\$aW1704-1242$b00$c20170509$lBLL01$h0927
=CAT  \\$aBATCH-UPD$b00$c20170509$lBLL01$h0927
=CAT  \\$aW2003-0365$c20200305$lBLL01$h1101
=FIN  \\$aY$d20170509
=SID  \\$aZ30$bOCLC
=SRC  \\$aJapanKnowledge_2017$bJK_OCLC20170203.mrc
=LAS  \\$aW2003-0365$b00$c20200305$lBLL01$h1101

