=LDR  02523 am a22006257i 4500
=001  018337723
=003  Uk
=005  20170106042748.0
=006  m\\\\\o\\d\\\\\\\\
=007  cr\|||||||||||
=008  100315s1978\\\\ja\cf\\\ob\\\\000\0\jpn\d
=FMT  \\$a  BK
=019  \\$a301052513
=035  \\$a(OCoLC)556489995$z(OCoLC)301052513
=040  \\$aOCLCE$beng$cOCLCE$dOCLCQ$dCUS$dOCLCQ$dOCLCF$dOCLCO$dYUS$dOCLCO$dYUS$dOCLCO$dOCLCQ$dYUS$dOCLCO$dUk$epn
=041  1\$ajpn$hfre
=042  \\$adlr
=043  \\$aa-cc---
=050  \4$aBL1910$b.M37 1978
=100  1\$aMaspero, Henri,$d1883-1945.
=240  10$aMélanges posthumes sur les religions et l'histoire de la Chine.$n2.$pTaoisme.$lJapanese
=245  10$6880-01$aDōkyō /$cAnri Masupero ; Kawakatsu Yoshio yaku.
=250  \\$6880-02$aShohan.
=260  \\$6880-03$aTōkyō :$bHeibonsha,$c1978.
=300  \\$a1 online resource (370, 26 pages, [1] leaf of plates) :$bportrait.
=336  \\$atext$btxt$2rdacontent
=337  \\$acomputer$bc$2rdamedia
=338  \\$aonline resource$bcr$2rdacarrier
=490  1\$6880-04$aTōyō bunko ;$v329
=504  \\$aIncludes bibliographical references.
=588  0\$aPrint version record.
=650  \0$aTaoism$zChina$xHistory.
=650  \7$aTaoism.$2fast$0(OCoLC)fst01142920
=651  \7$aChina.$2fast$0(OCoLC)fst01206073
=655  \7$aHistory.$2fast$0(OCoLC)fst01411628
=700  1\$6880-05$aKawakatsu, Yoshio,$d1922-
=773  0\$tJapanKnowledge
=776  08$iPrint version:$aMaspero, Henri, 1883-1945.$sMélanges posthumes sur les religions et l'histoire de la Chine. 2. Le taoisme. Japanese.$tDōkyō.$dTōkyō : Heibonsha, 1978
=830  \0$6880-06$aTōyō bunko$v329.
=856  40$3JapanKnowledge$uhttp://japanknowledge.com/lib/display/?lid=80010V0329P0002$yJapanKnowledge Lib
=880  10$6245-01/{dollar}1$a道教 /$cアンリ・マスペロ ; 川勝義雄訳.
=880  \\$6250-02/{dollar}1$a初版.
=880  \\$6260-03/{dollar}1$a東京 :$b平凡社,$c1978.
=880  1\$6490-04/{dollar}1$a東洋文庫 ;$v329
=880  1\$6700-05/{dollar}1$a川勝義雄,$d1922-
=880  \0$6830-06/{dollar}1$a東洋文庫 ;$v329.
=859  \\$aORR$bJapanKnowledge
=CAT  \\$aW1704-1242$b00$c20170509$lBLL01$h0927
=CAT  \\$aBATCH-UPD$b00$c20170509$lBLL01$h0927
=CAT  \\$aBATCH-UPD$b00$c20170509$lBLL01$h0938
=CAT  \\$aW2003-0365$c20200305$lBLL01$h1101
=FIN  \\$aY$d20170509
=SID  \\$aZ30$bOCLC
=SRC  \\$aJapanKnowledge_2017$bJK_OCLC20170203.mrc
=LAS  \\$aW2003-0365$b00$c20200305$lBLL01$h1101

