=LDR  02988 am a22007217a 4500
=001  018337724
=003  Uk
=005  20170106042748.0
=006  m\\\\\o\\d\\\\\\\\
=007  cr\|||||||||||
=008  100324m19861992ja\\\\\\ob\\\\000\0\jpn\d
=FMT  \\$a  BK
=019  \\$a298054332
=020  \\$z4582804578$q(v. 1)
=020  \\$z9784582804577$q(v. 1)
=035  \\$a(OCoLC)567969438$z(OCoLC)298054332
=040  \\$aOCLCE$beng$cOCLCE$dOCLCQ$dCUS$dOCLCQ$dOCLCF$dYUS$dOCLCO$dYUS$dOCLCO$dOCL$dOCLCQ$dYUS$dOCLCO$dUk$epn
=042  \\$adlr
=043  \\$aa-ja---
=050  \4$aDS855.7$b.S5415 1986
=245  00$6880-01$aShoku Nihongi /$cNaoki Kōjirō hoka yakuchū.
=250  \\$6880-02$aShohan.
=260  \\$6880-03$aTōkyō :$bHeibonsha,$c1986-1992.
=300  \\$a1 online resource (4 volumes).
=336  \\$atext$btxt$2rdacontent
=337  \\$acomputer$bc$2rdamedia
=338  \\$aonline resource$bcr$2rdacarrier
=490  1\$6880-04$aTōyō bunko ;$v457, 489, 524, 548
=504  \\$aIncludes bibliographical references.
=588  0\$aPrint version record.
=648  \7$a645-794$2fast
=651  \0$aJapan$xHistory$y645-794.
=651  \7$aJapan.$2fast$0(OCoLC)fst01204082
=655  \7$aHistory.$2fast$0(OCoLC)fst01411628
=700  1\$6880-05$aNaoki, Kōjirō,$d1919-2019
=700  1\$6880-06$aSugano, Mamichi,$d741-814
=700  1\$6880-07$aFujiwara, Tsugutada,$d727-796
=773  0\$tJapanKnowledge
=776  08$iPrint version:$tShoku Nihongi.$bShohan.$dTōkyō : Heibonsha, 1986-
=830  \0$6880-08$aTōyō bunko$v457, 489, 524, 548.
=856  40$3JapanKnowledge Volume 1$uhttp://japanknowledge.com/lib/display/?lid=80010V0457P0002$yJapanKnowledge Lib
=856  40$3JapanKnowledge Volume 2$uhttp://japanknowledge.com/lib/display/?lid=80010V0489P0002$yJapanKnowledge Lib
=856  40$3JapanKnowledge Volume 3$uhttp://japanknowledge.com/lib/display/?lid=80010V0524P0002$yJapanKnowledge Lib
=856  40$3JapanKnowledge Volume 4$uhttp://japanknowledge.com/lib/display/?lid=80010V0548P0002$yJapanKnowledge Lib
=880  00$6245-01/{dollar}1$a続日本紀 /$c直木孝次郎他訳注.
=880  \\$6250-02/{dollar}1$a初版.
=880  \\$6260-03/{dollar}1$a東京 :$b平凡社,$c1986-1992.
=880  1\$6490-04/{dollar}1$a東洋文庫 ;$v457, 489, 524, 548
=880  1\$6700-05/{dollar}1$a直木孝次郎,$d1919-
=880  1\$6700-06/{dollar}1$a菅野真道,$d741-814.
=880  1\$6700-07/{dollar}1$a藤原継縄,$d727-796?
=880  0\$6740-00/{dollar}1$a続日本紀.
=880  \0$6830-08/{dollar}1$a東洋文庫 ;$v457, 489, 524, 548.
=859  \\$aORR$bJapanKnowledge
=CAT  \\$aW1704-1242$b00$c20170509$lBLL01$h0927
=CAT  \\$aBATCH-UPD$b00$c20170509$lBLL01$h0927
=CAT  \\$aBATCH-UPD$b00$c20170509$lBLL01$h0938
=CAT  \\$a7416$b40$c20190326$lBLL01$h1615
=CAT  \\$aW2003-0365$c20200305$lBLL01$h1101
=FIN  \\$aY$d20170509
=SID  \\$aZ30$bOCLC
=SRC  \\$aJapanKnowledge_2017$bJK_OCLC20170203.mrc
=LAS  \\$aW2003-0365$b00$c20200305$lBLL01$h1101

