=LDR  02610 am a22005654i 4500
=001  018337725
=003  Uk
=005  20170106042749.0
=006  m\\\\\o\\d\\\\\\\\
=007  cr\|||||||||||
=008  151113s2008\\\\ja\\\\\\o\\\\\000\0\jpn\d
=FMT  \\$a  BK
=035  \\$a(OCoLC)929075228
=040  \\$aYUS$beng$cYUS$dOCLCO$dYUS$dOCLCO$dOCLCF$dOCLCO$dUk$erda
=043  \\$aa-ja---
=050  \4$aDS896.3
=245  00$6880-01$aEdo meisho zue /$cIchiko Natsuo, Suzuki Ken'ichi kōtei ; Suzuki Akio kanshū henshū kaisetsu.
=264  \1$6880-02$aTōkyō :$bNetAdvance Inc.,$c2008.
=300  \\$a1 online resource
=336  \\$atext$btxt$2rdacontent
=337  \\$acomputer$bc$2rdamedia
=338  \\$aonline resource$bcr$2rdacarrier
=588  \\$aDescription based on online resource; title from search contents (viewed November 17, 2015).
=650  \7$aTravel.$2fast$0(OCoLC)fst01155558
=651  \0$aTokyo (Japan)$xDescription and travel.
=651  \0$aTokyo (Japan)$vPictorial works.
=651  \7$aJapan$zTokyo.$2fast$0(OCoLC)fst01204835
=655  \7$aPictorial works.$2fast$0(OCoLC)fst01423874
=700  1\$6880-03$aIchiko, Natsuo,$d1947-
=700  1\$6880-04$aSuzuki, Ken'ichi,$d1960-
=700  1\$6880-05$aSuzuki, Shōsei.
=773  0\$tJapanKnowledge
=786  08$6880-06$aSaitō, Chōshū, 1737-1799.$tShintei Edo meisho zue.$dTōkyō : Chikuma Shobō, 1996-1997
=786  08$6880-07$aSaitō, Chōshū, 1737-1799.$sEdo meisho zue (CD-ROM).$tEdo meisho zue.$dTōkyō : Yumani Shobō, 2000$z4897148022
=856  40$3JapanKnowledge$uhttp://japanknowledge.com/lib/search/basic/?cids=30100$yJapanKnowledge Lib
=880  00$6245-01/{dollar}1$a江戶名所図会 /$c市古夏生, 鈴木健一校訂 ; 鈴木章生監修・編集・解說.
=880  \1$6264-02/{dollar}1$a東京 :$bNetAdvance Inc.,$c2008.
=880  1\$6700-03/{dollar}1$a市古夏生,$d1947-
=880  1\$6700-04/{dollar}1$a鈴木健一,$d1960-
=880  1\$6700-05/{dollar}1$a鈴木章生.
=880  08$6786-06/{dollar}1$a斎藤長秋, 1737-1799.$t新訂江戶名所図会.$d東京 : 筑摩書房, 1996-1997$w(OCoLC)54421227
=880  08$6786-07/{dollar}1$a斎藤長秋, 1737-1799.$s江戶名所図会 (CD-ROM).$t江戶名所図会.$d東京 : ゆまに書房, 2000$z4897148022$w(OCoLC)45028015
=859  \\$aORR$bJapanKnowledge
=CAT  \\$aW1704-1242$b00$c20170509$lBLL01$h0927
=CAT  \\$aBATCH-UPD$b00$c20170509$lBLL01$h0927
=CAT  \\$aW2003-0365$c20200305$lBLL01$h1101
=FIN  \\$aY$d20170509
=SID  \\$aZ30$bOCLC
=SRC  \\$aJapanKnowledge_2017$bJK_OCLC20170203.mrc
=LAS  \\$aW2003-0365$b00$c20200305$lBLL01$h1101

