=LDR  02684 am a22006497a 4500
=001  018337726
=003  Uk
=005  20170106042749.0
=006  m\\\\\o\\d\\\\\\\\
=007  cr\|||||||||||
=008  100324s1987\\\\ja\a\\\\ob\\\\000\0\jpn\d
=FMT  \\$a  BK
=019  \\$a297279880
=020  \\$z4582804675
=020  \\$z9784582804676
=035  \\$a(OCoLC)567992444$z(OCoLC)297279880
=040  \\$aOCLCE$beng$cOCLCE$dOCLCQ$dCUS$dOCLCQ$dOCLCA$dOCLCQ$dOCLCF$dOCLCO$dYUS$dOCLCO$dYUS$dOCLCO$dOCLCQ$dYUS$dOCLCO$dUk$epn
=042  \\$adlr
=043  \\$aa-cc---
=050  \4$aS471.C6$bT7416 1987
=100  1\$6880-01$aCui, Shi,$dapproximately 103-approximately 170
=240  10$6880-02$aSi min yue ling.$lJapanese
=245  10$6880-03$aShimin gatsuryō :$bKandai no saiji to nōji /$cSai Shoku ; Watabe Takeshi yakuchū.
=250  \\$6880-04$aShohan.
=260  \\$6880-05$aTōkyō :$bHeibonsha,$c1987.
=300  \\$a1 online resource (xii, 239, 16 pages) :$billustrations.
=336  \\$atext$btxt$2rdacontent
=337  \\$acomputer$bc$2rdamedia
=338  \\$aonline resource$bcr$2rdacarrier
=490  1\$6880-06$aTōyō bunko ;$v467
=504  \\$aIncludes bibliographical references (pages i-iv).
=588  0\$aPrint version record.
=650  \0$aAgriculture$zChina.
=650  \0$aFarmers$zChina$xSocial life and customs.
=650  \7$aAgriculture.$2fast$0(OCoLC)fst00801355
=650  \7$aFarmers$xSocial life and customs.$2fast$0(OCoLC)fst00921365
=651  \7$aChina.$2fast$0(OCoLC)fst01206073
=773  0\$tJapanKnowledge
=776  08$iPrint version:$aCui, Shi, approximately 103-approximately 170.$sSsu min yüeh ling. Japanese.$tShimin gatsuryō.$bShohan.$dTōkyō : Heibonsha, 1987
=830  \0$6880-07$aTōyō bunko$v467.
=856  40$3JapanKnowledge$uhttp://japanknowledge.com/lib/display/?lid=80010V0467P0002$yJapanKnowledge Lib
=880  1\$6100-01/{dollar}1$a崔寔,$dapproximately 103-approximately 170.
=880  10$6240-02/{dollar}1$a四民月令.$lJapanese
=880  10$6245-03/{dollar}1$a四民月令 :$b漢代の歲時と農時 /$c崔寔 ; 渡部武訳註.
=880  \\$6250-04/{dollar}1$a初版.
=880  \\$6260-05/{dollar}1$a東京 :$b平凡社,$c1987.
=880  1\$6490-06/{dollar}1$a東洋文庫 ;$v467
=880  \0$6830-07/{dollar}1$a東洋文庫 ;$v467.
=859  \\$aORR$bJapanKnowledge
=CAT  \\$aW1704-1242$b00$c20170509$lBLL01$h0927
=CAT  \\$aBATCH-UPD$b00$c20170509$lBLL01$h0927
=CAT  \\$aBATCH-UPD$b00$c20170509$lBLL01$h0938
=CAT  \\$aW2003-0365$c20200305$lBLL01$h1101
=FIN  \\$aY$d20170509
=SID  \\$aZ30$bOCLC
=SRC  \\$aJapanKnowledge_2017$bJK_OCLC20170203.mrc
=LAS  \\$aW2003-0365$b00$c20200305$lBLL01$h1101

