=LDR  03926 am a22008417i 4500
=001  018337727
=003  Uk
=005  20170106042749.0
=006  m\\\\\o\\d\\\\\\\\
=007  cr\|||||||||||
=008  101112s1965\\\\ja\ab\\\o\\\\\000\0\jpn\d
=FMT  \\$a  BK
=019  \\$a301064333$a644124205
=035  \\$a(OCoLC)681185310$z(OCoLC)301064333$z(OCoLC)644124205
=040  \\$aOCLCE$beng$cOCLCE$dOCLCQ$dOCLCO$dOCLCA$dOCLCQ$dCUS$dOCLCF$dOCLCA$dYUS$dOCLCO$dYUS$dOCLCO$dOCL$dOCLCQ$dOCLCO$dYUS$dOCLCO$dUk$epn
=041  1\$ajpn$hchi
=042  \\$adlr
=043  \\$aa-cc---
=050  \4$aDS753.P398$bS5 1965
=100  1\$6880-01$aPeng, Zunsi,$djin shi 1737
=240  10$6880-02$aShu bi.$lJapanese
=245  10$6880-03$aShokuheki /$cBō Sonshi cho. Katei tojō kiryaku / [(Shin) Shu Shiso cho]. Yōshū tōkaki / [(Shin) Ō Shūso cho] ; Matsueda Shigeo yaku.
=246  1\$6880-04$iOn spine:$aShokuheki, Yōshū tōkaki hoka
=246  3\$6880-05$aShokuheki ; Katei tojō kiryaku ; Yōshū tōkaki
=260  \\$6880-06$aTōkyō :$bHeibonsha,$cShōwa 40 [1965]
=300  \\$a1 online resource (254 pages) :$billustrations, maps.
=336  \\$atext$btxt$2rdacontent
=337  \\$acomputer$bc$2rdamedia
=338  \\$aonline resource$bcr$2rdacarrier
=490  1\$6880-07$aTōyō bunko ;$v36
=505  0\$aShokuheki / Bō Sonshi cho -- Katei tojō kiryaku / Shu Shiso cho -- Yōshū tōkaki / Ō Shūso cho -- Yakuchū, kaisetsu / Matsueda Shigeo cho (p. 208-252).
=588  0\$aPrint version record.
=611  27$aTatar Conquest of China (1643-1644)$2fast$0(OCoLC)fst01355125
=648  \7$a1368-1644$2fast
=651  \0$aChina$xHistory$yMing dynasty, 1368-1644.
=651  \0$aChina$xHistory$yTatar Conquest, 1643-1644.
=651  \7$aChina.$2fast$0(OCoLC)fst01206073
=655  \7$aHistory.$2fast$0(OCoLC)fst01411628
=700  1\$6880-08$aMatsueda, Shigeo,$d1905-1995
=700  12$6880-09.$aZhu, Zisu,$dactive 1645$tJiading tu cheng ji lüe.$lJapanese.
=700  12$aWang, Xiuchu.$tYangzhou shi ri ji.$lJapanese.
=740  02$6880-10$aKatei tojō kiryaku.
=740  02$6880-11$aYōshū tōkaki.
=740  02$aJiading tu cheng ji lüe.
=740  02$aYangzhou shi ri ji.
=773  0\$tJapanKnowledge
=776  08$iPrint version:$aPeng, Zunsi, jin shi 1737.$sShu bi. Japanese.$tShokuheki.$dTōkyō : Heibonsha, Shōwa 40 [1965]
=830  \0$6880-12$aTōyō bunko$v36.
=856  40$3JapanKnowledge$uhttp://japanknowledge.com/lib/display/?lid=80010V0036P0002$yJapanKnowledge Lib
=880  1\$6100-01/{dollar}1$a彭遵泗,$djin shi 1737.
=880  10$6240-02/{dollar}1$a蜀碧.$lJapanese
=880  10$6245-03/{dollar}1$a蜀碧 /$c彭遵泗著. 嘉定屠城紀略 / [(淸)朱子素著]. 揚州十日記 / [(淸)王秀楚著] ; 松枝茂夫訳.
=880  1\$6246-04/{dollar}1$iOn spine:$a蜀碧. 揚州十日記他
=880  3\$6246-05/{dollar}1$a蜀碧 ; 嘉定屠城紀略 ; 揚州十日記
=880  \\$6250-00/{dollar}1$a初版.
=880  \\$6260-06/{dollar}1$a東京 :$b平凡社,$c昭和40 [1965]
=880  1\$6490-07/{dollar}1$a東洋文庫 ;$v36
=880  0\$6505-00/{dollar}1$a蜀碧 / 彭遵泗 -- 嘉定屠城紀略 / 朱子素 -- 揚州十日記 / 王秀楚.
=880  1\$6700-08/{dollar}1$a松枝茂夫,$d1905-
=880  12$6700-00/{dollar}1$a朱子素,$dactive 1645.$t嘉定屠城紀略.$lJapanese.
=880  12$6700-09/{dollar}1$a王秀楚.$t揚州十日記.$lJapanese.
=880  02$6740-10/{dollar}1$a嘉定屠城紀略.
=880  02$6740-11/{dollar}1$a揚州十日記.
=880  \0$6830-12/{dollar}1$a東洋文庫 ;$v36.
=859  \\$aORR$bJapanKnowledge
=CAT  \\$aW1704-1242$b00$c20170509$lBLL01$h0927
=CAT  \\$aBATCH-UPD$b00$c20170509$lBLL01$h0927
=CAT  \\$aBATCH-UPD$b00$c20170509$lBLL01$h0938
=CAT  \\$aW2003-0365$c20200305$lBLL01$h1101
=FIN  \\$aY$d20170509
=SID  \\$aZ30$bOCLC
=SRC  \\$aJapanKnowledge_2017$bJK_OCLC20170203.mrc
=LAS  \\$aW2003-0365$b00$c20200305$lBLL01$h1101

