=LDR  02027 am a22005654i 4500
=001  018337728
=003  Uk
=005  20170106042749.0
=006  m\\\\\o\\d\\\\\\\\
=007  cr\|||||||||||
=008  151214s1994\\\\ja\\\\\\ob\\\\000\0\jpn\d
=FMT  \\$a  BK
=020  \\$z4560057524
=020  \\$z9784560057520
=035  \\$a(OCoLC)932130254
=040  \\$aCNEAL$beng$cYUS$dOCLCF$dUk$erda$epn
=041  1\$ajpn$hfre
=043  \\$ae-ne---
=050  14$aDJ111$b.B7165 1994
=100  10$aBraure, Maurice,$eauthor.
=240  10$aHistoire des Pays-Bas.$lJapanese
=245  10$6880-01$aOranda shi /$cMōrisu Burōru ; Nishimura Rokurō yaku.
=264  \1$6880-02$aTōkyō :$bHakusuisha,$c1994.
=300  \\$a1 online resource.
=336  \\$atext$btxt$2rdacontent
=337  \\$acomputer$bc$2rdamedia
=338  \\$aonline resource$bcr$2rdacarrier
=490  1\$6880-03$aBunko kuseju ;$v752
=500  \\$aTranslation of: Histoire des Pays-Bas.
=504  \\$aIncludes bibliographical references.
=588  \\$aDescription based on print version.
=651  \0$aNetherlands$xHistory.
=651  \7$aNetherlands.$2fast$0(OCoLC)fst01204034
=655  \7$aHistory.$2fast$0(OCoLC)fst01411628
=773  0\$tJapanKnowledge
=776  08$iPrint version:$tOrands shi.
=830  \0$6880-04$aBunko kuseju$v752.
=856  40$3JapanKnowledge$uhttp://japanknowledge.com/lib/display/?lid=8021007520000$yJapanKnowledge Lib
=880  10$6245-01/{dollar}1$aオランダ史 /$cモーリス・ブロール ; 西村六郎訳.
=880  \1$6264-02/{dollar}1$a東京 :$b白水社,$c1994.
=880  0\$6490-03/{dollar}1$a文庫クセジュ ;$v752
=880  \0$6830-04/{dollar}1$a文庫クセジュ ;$v752.
=859  \\$aORR$bJapanKnowledge
=CAT  \\$aW1704-1242$b00$c20170509$lBLL01$h0927
=CAT  \\$aBATCH-UPD$b00$c20170509$lBLL01$h0927
=CAT  \\$aW2003-0365$c20200305$lBLL01$h1101
=FIN  \\$aY$d20170509
=SID  \\$aZ30$bOCLC
=SRC  \\$aJapanKnowledge_2017$bJK_OCLC20170203.mrc
=LAS  \\$aW2003-0365$b00$c20200305$lBLL01$h1101

