=LDR  02666cam a22006854i 4500
=001  018337729
=003  Uk
=005  20230223163554.0
=006  m\\\\\o\\d\\\\\\\\
=007  cr\|||||||||||
=008  151112s2001\\\\ja\a\\\\ob\\\\000\0\jpn\c
=FMT  \\$a  BK
=020  \\$z409658052X
=020  \\$z9784096580523
=035  \\$a(OCoLC)928950493
=040  \\$aYUS$beng$cYUS$dOCLCO$dYUS$dOCLCO$dOCLCF$dYUS$dOCLCO$dUk$erda$epn
=043  \\$aa-ja---
=050  \4$aBQ5810$b.M84 2001
=100  0\$6880-01,$aMujū Ichien,$d1227-1312$eauthor.
=245  10$6880-02$aShasekishū /$c[Mujū Ichien cho] ; kōchū, yaku Kojima Takayuki.
=264  \1$6880-04$aTōkyō :$bShōgakkan,$c2001.
=300  \\$a1 online resource.
=336  \\$atext$btxt$2rdacontent
=337  \\$acomputer$bc$2rdamedia
=338  \\$aonline resource$bcr$2rdacarrier
=490  1\$6880-05$aShinpen Nihon koten bungaku zenshū ;$v52
=504  \\$6880-06$aIncludes bibliographical references (page 634).
=588  \\$aDescription based on print version.
=650  \0$aBuddhism$vFolklore.
=650  \0$aBuddhist legends$zJapan.
=650  \0$aTales$zJapan.
=650  \7$aBuddhism.$2fast$0(OCoLC)fst00840028
=650  \7$aBuddhist legends.$2fast$0(OCoLC)fst01727608
=650  \7$aTales.$2fast$0(OCoLC)fst01142246
=651  \7$aJapan.$2fast$0(OCoLC)fst01204082
=655  \7$aFiction.$2fast$0(OCoLC)fst01423787
=655  \7$aFolklore.$2fast$0(OCoLC)fst01423784
=700  1\$6880-07$aKojima, Takayuki,$d1943-
=773  0\$tJapanKnowledge
=776  08$iPrint version:$tShasekishū
=830  \0$6880-08$aShinpen Nihon koten bungaku zenshū$v52.
=856  40$3JapanKnowledge$uhttp://japanknowledge.com/lib/display/?lid=80110V00520001$yJapanKnowledge Lib
=880  0\$6100-01$a無住一円,$d1227-1312.$eauthor
=880  10$6245-02$a沙石集 /$c[無住一円著] ; 校注・訳小島孝之.
=880  \1$6264-04$a東京 :$b小学館,$c2001.
=880  1\$6490-05$a新編日本古典文学全集 ;$v52
=880  \\$6504-06$a参考文献: page 634.
=880  1\$6700-07$a小島孝之,$d1943-
=880  \0$6830-08$a新編日本古典文学全集 ;$v52.
=859  \\$aORR$bJapanKnowledge
=985  \\$aUpdated by MS generated file for WR2302-017
=CAT  \\$aW1704-1242$b00$c20170509$lBLL01$h0927
=CAT  \\$aBATCH-UPD$b00$c20170509$lBLL01$h0927
=CAT  \\$aW2003-0365$c20200305$lBLL01$h1101
=CAT  \\$aBATCH-UPD$b00$c20200918$lBLL01$h2044
=CAT  \\$aW2302-0174$c20230223$lBLL01$h2014
=FIN  \\$aY$d20170509
=SID  \\$aZ30$bOCLC
=SRC  \\$aJapanKnowledge_2017$bJK_OCLC20170203.mrc
=LAS  \\$aW2302-0174$b00$c20230223$lBLL01$h2014

