=LDR  02923 am a22007097a 4500
=001  018337730
=003  Uk
=005  20170106042750.0
=006  m\\\\\o\\d\\\\\\\\
=007  cr\|||||||||||
=008  140929s1965\\\\ja\ab\\\o\\\\\000\0\jpn\d
=FMT  \\$a  BK
=019  \\$a761373675
=020  \\$z4582800556
=020  \\$z9784582800555
=035  \\$a(OCoLC)891661767$z(OCoLC)761373675
=040  \\$aOCLCE$beng$cOCLCE$dCUS$dOCLCF$dYUS$dOCLCO$dYUS$dOCLCO$dOCLCQ$dYUS$dOCLCO$dUk$epn
=041  1\$ajpn$hrus
=042  \\$adlr
=043  \\$ae-ru---$aa-cc---
=050  \4$aDK771.U9$bA77163 1965
=084  \\$a292.92$2njb
=100  1\$aArsenʹev, V. K.$q(Vladimir Klavdievich),$d1872-1930.
=240  10$aDersu Uzala.$lJapanese
=245  10$6880-01$aDerusuu Uzāra :$benkaishū tankenkō /$cArusēniefu cho ; Hasegawa Shirō yaku.
=250  \\$6880-02$aShohan.
=260  \\$6880-03$aTōkyō :$bHeibonsha,$c1965.
=300  \\$a1 online resource (4, 2, 314 pages) :$billustrations, maps.
=336  \\$atext$btxt$2rdacontent
=337  \\$aunmediated$bn$2rdamedia
=338  \\$avolume$bnc$2rdacarrier
=490  1\$6880-04$aTōyō bunko ;$v55
=588  0\$aPrint version record.
=600  00$aDersu Uzala.
=600  07$aDersu Uzala$2fast$0(OCoLC)fst00366702
=600  10$aArsenʹev, V. K.$q(Vladimir Klavdievich),$d1872-1930.
=600  17$aArsenʹev, V. K.$q(Vladimir Klavdievich),$d1872-1930$2fast$0(OCoLC)fst00148738
=650  \0$aNatural history$zUssuri River Valley (Russia and China)
=650  \7$aNatural history.$2fast$0(OCoLC)fst01034268
=650  \7$aTravel.$2fast$0(OCoLC)fst01155558
=651  \0$aUssuri River Valley (Russia and China)$xDescription and travel.
=651  \7$aAsia$zUssuri River Valley.$2fast$0(OCoLC)fst01311390
=653  \\$6880-05$aEnkaishū$aKikō.
=773  0\$tJapanKnowledge
=776  08$iPrint version:$aArsenʹev, V. K. (Vladimir Klavdievich), 1872-1930.$sDersu Uzala. Japanese.$tDerusuu Uzāra.$bShohan.$dTōkyō : Heibonsha, 1965
=830  \0$6880-06$aTōyō bunko$v55.
=856  40$3JapanKnowledge$uhttp://japanknowledge.com/lib/display/?lid=80010V0055P0002$yJapanKnowledge Lib
=880  10$6245-01/{dollar}1$aデルスウ・ウザーラ :$b沿海州探検行 /$cアルセーニエフ著 ; 長谷川四郎訳.
=880  \\$6250-02/{dollar}1$a初版.
=880  \\$6260-03/{dollar}1$a東京 :$b平凡社,$c1965.
=880  1\$6490-04/{dollar}1$a東洋文庫 ;$v55
=880  \\$6653-05/{dollar}1$a沿海州$a紀行.
=880  1\$6700-00/{dollar}1$a長谷川四郎,$d1909-1987.
=880  \0$6830-06/{dollar}1$a東洋文庫 ;$v55.
=859  \\$aORR$bJapanKnowledge
=CAT  \\$aW1704-1242$b00$c20170509$lBLL01$h0927
=CAT  \\$aBATCH-UPD$b00$c20170509$lBLL01$h0928
=CAT  \\$aW2003-0365$c20200305$lBLL01$h1101
=FIN  \\$aY$d20170509
=SID  \\$aZ30$bOCLC
=SRC  \\$aJapanKnowledge_2017$bJK_OCLC20170203.mrc
=LAS  \\$aW2003-0365$b00$c20200305$lBLL01$h1101

