=LDR  02168 am a22005774i 4500
=001  018337731
=003  Uk
=005  20170106042750.0
=006  m\\\\\o\\d\\\\\\\\
=007  cr\|||||||||||
=008  160115s1994\\\\ja\\\\\gob\\\\001\0\jpnod
=FMT  \\$a  BK
=020  \\$z4560057532
=020  \\$z9784560057537
=035  \\$a(OCoLC)934799029
=040  \\$aWTU$beng$cYUS$dOCLCO$dYUS$dOCLCO$dOCLCF$dOCLCO$dUk$erda$epn
=041  1\$ajpn$hfre
=100  1\$aMolinié, Georges,$eauthor.
=240  10$aStylistique.$lJapanese
=245  00$6880-01$aBuntai no kagaku /$cJoruju Morinie cho ; Ōhama Hiroshi yaku.
=264  \1$6880-02$aTōkyō :$bHakusuisha,$c1994.
=300  \\$a1 online resource.
=336  \\$atext$btxt$2rdacontent
=337  \\$acomputer$bc$2rdamedia
=338  \\$aonline resource$bcr$2rdacarrier
=490  1\$6880-03$aBunko kuseju ;$v753
=504  \\$aIncludes bibliographical references and index.
=588  \\$aDescription based on print version.
=650  \0$aFrench language$xStyle.
=650  \0$aStyle, Literary.
=650  \7$aFrench language$xStyle.$2fast$0(OCoLC)fst00934630
=650  \7$aStyle, Literary.$2fast$0(OCoLC)fst01136323
=700  1\$6880-04$aŌhama, Hiroshi,$etranslator.
=700  1\$iTranslation of:$aMolinié, Georges.$tLa stylistique.
=773  0\$tJapanKnowledge
=776  08$iPrint version:$tBuntai no kagaku.
=830  \0$6880-05$aBunko kuseju$v753.
=856  40$3JapanKnowledge$uhttp://japanknowledge.com/lib/display/?lid=8021007530000$yJapanKnowledge Lib
=880  00$6245-01$a文体の科学 /$cジョルジュ・モリニエ著 ; 大浜博訳.
=880  \1$6264-02$a東京 :$b白水社,$c1994.
=880  1\$6490-03$a文庫クセジュ ;$v753
=880  1\$6700-04$a大浜博,$etranslator.
=880  \0$6830-05$a文庫クセジュ ;$v753.
=859  \\$aORR$bJapanKnowledge
=CAT  \\$aW1704-1242$b00$c20170509$lBLL01$h0927
=CAT  \\$aBATCH-UPD$b00$c20170509$lBLL01$h0928
=CAT  \\$aW2003-0365$c20200305$lBLL01$h1101
=FIN  \\$aY$d20170509
=SID  \\$aZ30$bOCLC
=SRC  \\$aJapanKnowledge_2017$bJK_OCLC20170203.mrc
=LAS  \\$aW2003-0365$b00$c20200305$lBLL01$h1101

