=LDR  02875 am a22006737i 4500
=001  018337732
=003  Uk
=005  20170106042751.0
=006  m\\\\\o\\d\\\\\\\\
=007  cr\|||||||||||
=008  100420s1978\\\\ja\a\\\\ob\\\\000\0\jpn\d
=FMT  \\$a  BK
=019  \\$a297358223
=035  \\$a(OCoLC)608381056$z(OCoLC)297358223
=040  \\$aOCLCE$beng$cOCLCE$dOCLCQ$dCUS$dOCLCQ$dOCLCA$dOCLCF$dYUS$dOCLCO$dYUS$dOCLCO$dOCLCQ$dYUS$dOCLCO$dUk$epn
=041  1\$ajpn$hkor
=042  \\$adlr
=043  \\$aa-cc---
=050  \4$aDS796.J4$bP3217
=100  1\$6880-01$aPak, Chi-wŏn,$d1737-1805
=240  10$6880-02$aYŏrha ilgi.$kSelections.$lJapanese
=245  10$6880-03$aNekka nikki :$bChōsen chishikijin no Chūgoku kikō /$cBoku Shigen ; Imamura Yoshio yaku.
=250  \\$6880-04$aShohan.
=260  \\$6880-05$aTōkyō :$bHeibonsha,$c1978.
=300  \\$a1 online resource (2 volumes) :$billustrations.
=336  \\$atext$btxt$2rdacontent
=337  \\$acomputer$bc$2rdamedia
=338  \\$aonline resource$bcr$2rdacarrier
=490  1\$6880-06$aTōyō bunko ;$v325, etc.
=504  \\$aIncludes bibliographical references.
=588  0\$aPrint version record.
=600  10$6880-07$aPak, Chi-wŏn,$d1737-1805
=600  17$aPak, Chi-wŏn,$d1737-1805$2fast$0(OCoLC)fst00094552
=650  \7$aTravel.$2fast$0(OCoLC)fst01155558
=651  \0$6880-08$aRehe Sheng (China)$xDescription and travel.
=651  \7$aChina$zRehe Sheng.$2fast$0(OCoLC)fst01238503
=773  0\$tJapanKnowledge
=776  08$iPrint version:$aPak, Chi-wŏn, 1737-1805.$sYŏrha ilgi. Japanese. Selections.$tNekka nikki.$dTōkyō : Heibonsha, 1978
=830  \0$6880-09$aTōyō bunko$v325, etc.
=856  40$3JapanKnowledge Volume 1$uhttp://japanknowledge.com/lib/display/?lid=80010V0325P0002$yJapanKnowledge Lib
=856  40$3JapanKnowledge Volume 2$uhttp://japanknowledge.com/lib/display/?lid=80010V0328P0002$yJapanKnowledge Lib
=880  1\$6100-01/{dollar}1$a朴趾源,$d1737-1805.
=880  10$6240-02/{dollar}1$a熱河日記.$kSelections.$lJapanese
=880  10$6245-03/{dollar}1$a熱河日記 :$b朝鮮知識人の中国紀行 /$c朴趾源 ; 今村与志雄訳.
=880  \\$6250-04/{dollar}1$a初版.
=880  \\$6260-05/{dollar}1$a東京 :$b平凡社,$c1978.
=880  1\$6490-06/{dollar}1$a東洋文庫 ;$v325, etc.
=880  14$6600-07/{dollar}1$a朴趾源,$d1737-1805.
=880  \4$6651-08/{dollar}1$a熱河省 (China)$xDescription and travel.
=880  1\$6700-00/{dollar}1$a今村与志雄,$d1925-
=880  \0$6830-09/{dollar}1$a東洋文庫 ;$v325, etc.
=859  \\$aORR$bJapanKnowledge
=CAT  \\$aW1704-1242$b00$c20170509$lBLL01$h0927
=CAT  \\$aBATCH-UPD$b00$c20170509$lBLL01$h0928
=CAT  \\$aW2003-0365$c20200305$lBLL01$h1101
=FIN  \\$aY$d20170509
=SID  \\$aZ30$bOCLC
=SRC  \\$aJapanKnowledge_2017$bJK_OCLC20170203.mrc
=LAS  \\$aW2003-0365$b00$c20200305$lBLL01$h1101

