=LDR  02666 am a22006257a 4500
=001  018337733
=003  Uk
=005  20170106042751.0
=006  m\\\\\o\\d\\\\\\\\
=007  cr\|||||||||||
=008  100630m19701972ja\a\\\\o\\\\\001\0\jpn\d
=FMT  \\$a  BK
=019  \\$a300734087
=035  \\$a(OCoLC)645378076$z(OCoLC)300734087
=040  \\$aOCLCE$beng$cOCLCE$dOCLCO$dOCLCQ$dOCLCF$dOCLCO$dCUS$dYUS$dOCLCO$dOCLCA$dYUS$dOCLCO$dOCLCQ$dYUS$dOCLCO$dUk$epn
=042  \\$adlr
=043  \\$aa-ja---
=050  \4$aGT4884.T6$bS24
=100  1\$6880-01$aSaitō, Gesshin,$d1804-1878
=245  10$6880-02$aTōto saijiki /$cSaitō Gesshin ; Asakura Haruhiko kōchū.
=250  \\$6880-03$aShohan.
=260  \\$6880-04$aTōkyō :$bHeibonsha,$cShōwa 45-47 [1970-1972]
=300  \\$a1 online resource (3 volumes) :$billustrations.
=336  \\$atext$btxt$2rdacontent
=337  \\$acomputer$bc$2rdamedia
=338  \\$aonline resource$bcr$2rdacarrier
=490  1\$6880-05$aTōyō bunko ;$v159, 177, 221
=500  \\$aIncludes index.
=588  0\$aPrint version record.
=650  \0$aFestivals$zJapan$zTokyo.
=650  \7$aFestivals.$2fast$0(OCoLC)fst00923329
=651  \7$aJapan$zTokyo.$2fast$0(OCoLC)fst01204835
=700  1\$6880-06$aAsakura, Haruhiko,$d1924-2013
=773  0\$tJapanKnowledge
=776  08$iPrint version:$aSaitō, Gesshin, 1804-1878.$tTōto saijiki.$bShohan.$dTōkyō : Heibonsha, Shōwa 45-47 [1970-1972]
=830  \0$6880-07$aTōyō bunko$v159, 177, 221.
=856  40$3JapanKnowledge Volume 1$uhttp://japanknowledge.com/lib/display/?lid=80010V0159P0002$yJapanKnowledge Lib
=856  40$3JapanKnowledge Volume 2$uhttp://japanknowledge.com/lib/display/?lid=80010V0177P0002$yJapanKnowledge Lib
=856  40$3JapanKnowledge Volume 3$uhttp://japanknowledge.com/lib/display/?lid=80010V0221P0002$yJapanKnowledge Lib
=880  1\$6100-01/{dollar}1$a斎藤月岑,$d1804-1878.
=880  10$6245-02/{dollar}1$a東都歲事記 /$c斎藤月岑 ; 朝倉治彥校注.
=880  \\$6250-03/{dollar}1$a初版.
=880  \\$6260-04/{dollar}1$a東京 :$b平凡社,$c昭和45-47 [1970-1972]
=880  1\$6490-05/{dollar}1$a東洋文庫 ;$v159, 177, 221
=880  1\$6700-06/{dollar}1$a朝倉治彥,$d1924-
=880  \0$6830-07/{dollar}1$a東洋文庫 ;$v159, 177, 221.
=859  \\$aORR$bJapanKnowledge
=CAT  \\$aW1704-1242$b00$c20170509$lBLL01$h0927
=CAT  \\$aBATCH-UPD$b00$c20170509$lBLL01$h0928
=CAT  \\$aBATCH-UPD$b00$c20170509$lBLL01$h0938
=CAT  \\$aW2003-0365$c20200305$lBLL01$h1101
=FIN  \\$aY$d20170509
=SID  \\$aZ30$bOCLC
=SRC  \\$aJapanKnowledge_2017$bJK_OCLC20170203.mrc
=LAS  \\$aW2003-0365$b00$c20200305$lBLL01$h1101

