=LDR  02369 am a22005414i 4500
=001  018337734
=003  Uk
=005  20170106042751.0
=006  m\\\\\o\\d\\\\\\\\
=007  cr\|||||||||||
=008  151112s1994\\\\ja\a\\\\od\\\\000\0\jpn\d
=FMT  \\$a  BK
=020  \\$z4095101016
=020  \\$z9784095101019
=035  \\$a(OCoLC)928950757
=040  \\$aYUS$beng$cYUS$dOCLCO$dYUS$dOCLCO$dUk$erda$epn
=041  0\$ajpn$aeng
=043  \\$aa-ja---
=050  \4$aPL679$b.R36 1994
=245  00$6880-01$aRandamu Hausu Ei-Wa daijiten =$bNew Shogakukan Random House English-Japanese dictionary /$cShōgakukan Randamu Hausu Ei-Wa Daijiten Dai 2-han Henshū Iinkai ; henshū shukan Konishi Tomoshichi [and others].
=246  31$aNew Shōgakukan Random House English-Japanese dictionary
=264  \1$6880-03$aTōkyō :$bShōgakkan,$c1994.
=300  \\$a1 online resource
=336  \\$atext$btxt$2rdacontent
=337  \\$acomputer$bc$2rdamedia
=338  \\$aonline resource$bcr$2rdacarrier
=588  \\$aDescription based on print version.
=650  \0$aEnglish language$vDictionaries$xJapanese.
=650  \7$aEnglish language.$2fast$0(OCoLC)fst00910920
=655  \7$aDictionaries.$2fast$0(OCoLC)fst01423826
=700  1\$6880-04$aKonishi, Tomoshichi,$d1919-
=710  2\$6880-05$aShōgakukan Randamu Hausu Ei-Wa Daijiten Dai 2-han Henshū Iinkai.
=710  2\$aRandom House (Firm)
=773  0\$tJapanKnowledge
=776  08$iPrint version:$tRandamu Hausu Ei-Wa daijiten
=856  40$3JapanKnowledge$uhttp://japanknowledge.com/lib/search/basic/?cids=40010$yJapanKnowledge Lib
=880  00$6245-01$aランダムハウス英和大辞典 =$bNew Shogakukan Random House English-Japanese dictionary /$c小学館ラ ンダムハウス英和大辞典第 2版編集委員会 ; 編集主幹小西友七 [and others].
=880  \1$6264-03$a東京 :$b小学館,$c1994.
=880  1\$6700-04$a小西友七,$d1919-
=880  2\$6710-05$a小学館ランダムハウス英和大辞典第2版編集委員会.
=859  \\$aORR$bJapanKnowledge
=CAT  \\$aW1704-1242$b00$c20170509$lBLL01$h0927
=CAT  \\$aBATCH-UPD$b00$c20170509$lBLL01$h0928
=CAT  \\$aW2003-0365$c20200305$lBLL01$h1101
=FIN  \\$aY$d20170509
=SID  \\$aZ30$bOCLC
=SRC  \\$aJapanKnowledge_2017$bJK_OCLC20170203.mrc
=LAS  \\$aW2003-0365$b00$c20200305$lBLL01$h1101

