=LDR  02203 am a22005894i 4500
=001  018337735
=003  Uk
=005  20170106042753.0
=006  m\\\\\o\\d\\\\\\\\
=007  cr\|||||||||||
=008  151113s2008\\\\ja\\\\\\o\\\\\000\0\jpn\d
=FMT  \\$a  BK
=020  \\$z4560509239
=020  \\$z9784560509234
=035  \\$a(OCoLC)929031393
=040  \\$aCNEAL$beng$cYUS$dOCLCO$dYUS$dOCLCO$dOCLCF$dUk$erda$epn
=050  \4$aPN1655$b.V53165 2008
=100  1\$aViala, Alain,$eauthor.
=240  10$aHistoire du tȟ́tre.$lJapanese.
=245  10$6880-01$aEngeki no rekishi /$cAran Viara cho ; Takahashi Nobuyoshi yaku.
=264  \1$6880-02$aTōkyō :$bHakusuisha,$c2008.
=300  \\$a1 online resource.
=336  \\$atext$btxt$2rdacontent
=337  \\$acomputer$bc$2rdamedia
=338  \\$aonline resource$bcr$2rdacarrier
=490  1\$6880-03$aBunko kuseju ;$v923
=500  \\$aTranslation of: Histoire du tȟ́tre.
=588  \\$aDescription based on print version.
=650  \0$aDrama$xHistory and criticism.
=650  \0$aTheater$xHistory.
=650  \7$aDrama.$2fast$0(OCoLC)fst00897468
=650  \7$aTheater.$2fast$0(OCoLC)fst01149217
=655  \7$aCriticism, interpretation, etc.$2fast$0(OCoLC)fst01411635
=655  \7$aHistory.$2fast$0(OCoLC)fst01411628
=700  1\$6880-04$aTakahashi, Nobuyoshi.
=773  0\$tJapanKnowledge
=776  08$iPrint version:$tEngeki no rekishi
=830  \0$6880-05$aBunko kuseju$v923.
=856  40$3JapanKnowledge$uhttp://japanknowledge.com/lib/display/?lid=8021009230000$yJapanKnowledge Lib
=880  10$6245-01/{dollar}1$a演劇の歴史 /$cアラン・ヴィアラ著 ; 高橋信良訳.
=880  \1$6264-02/{dollar}1$a東京 :$b白水社,$c2008.
=880  1\$6490-03/{dollar}1$a文庫クセジュ ;$v923
=880  1\$6700-04/{dollar}1$a高橋信良.
=880  \0$6830-05/{dollar}1$a文庫クセジュ ;$v923.
=859  \\$aORR$bJapanKnowledge
=CAT  \\$aW1704-1242$b00$c20170509$lBLL01$h0927
=CAT  \\$aBATCH-UPD$b00$c20170509$lBLL01$h0928
=CAT  \\$aW2003-0365$c20200305$lBLL01$h1101
=FIN  \\$aY$d20170509
=SID  \\$aZ30$bOCLC
=SRC  \\$aJapanKnowledge_2017$bJK_OCLC20170203.mrc
=LAS  \\$aW2003-0365$b00$c20200305$lBLL01$h1101

