=LDR  02596 am a2200661 a 4500
=001  018337736
=003  Uk
=005  20170106042753.0
=006  m\\\\\o\\d\\\\\\\\
=007  cr\un|||||||||
=008  120209s1982\\\\ja\a\\\\ob\\\\000\0\jpn\d
=FMT  \\$a  BK
=020  \\$z4582804098
=020  \\$z9784582804096
=035  \\$a(OCoLC)775690976
=040  \\$aCUS$beng$cCUS$dOCLCO$dOCLCQ$dOCLCF$dOCLCO$dOCLCA$dYUS$dOCLCO$dYUS$dOCLCO$dOCLCQ$dYUS$dOCLCO$dUk
=041  1\$ajpn$hkor
=043  \\$aa-kr---
=050  \4$aPL975$b.S56 1982
=100  1\$6880-01$aSin, Chae-hyo,$d1812-1884
=240  10$aWorks.$kSelections.$lJapanese.$f1982
=245  10$6880-02$aPansori :$bShunkōka, Chinseika, hoka /$cShin Zaikō ; Kyō Kan'ei, Tanaka Akira yakuchū.
=250  \\$6880-03$aShohan.
=260  \\$6880-04$aTōkyō :$bHeibonsha,$c1982.
=300  \\$a1 online resource (iii, 326 pages) :$billustrations.
=336  \\$atext$btxt$2rdacontent
=337  \\$acomputer$bc$2rdamedia
=338  \\$aonline resource$bcr$2rdacarrier
=490  1\$6880-05$aTōyō bunko ;$v409
=504  \\$aIncludes bibliographical references.
=588  0\$aPrint version record.
=650  \0$aBallads, Korean.
=650  \0$aP'ansori.
=650  \7$aBallads, Korean.$2fast$0(OCoLC)fst00825939
=650  \7$aP'ansori.$2fast$0(OCoLC)fst01084753
=700  1\$6880-06$aKang, Han-yŏng,$d1913-
=700  1\$6880-07$aTanaka, Akira,$d1926-
=773  0\$tJapanKnowledge
=776  08$iPrint version:$aSin, Chae-hyo, 1812-1884.$sSelections. Japanese. 1982.$tPansori.$bShohan.$dTōkyō : Heibonsha, 1982$z4582804098
=830  \0$6880-08$aTōyō bunko$v409.
=856  40$3JapanKnowledge$uhttp://japanknowledge.com/lib/display/?lid=80010V0409P0002$yJapanKnowledge Lib
=880  1\$6100-01/{dollar}1$a申在孝,$d1812-1884.
=880  10$6245-02/{dollar}1$aパンソリ :$b春香歌・沈晴歌・他 /$c申在孝 ; 姜漢永, 田中明訳注.
=880  \\$6250-03/{dollar}1$a初版.
=880  \\$6260-04/{dollar}1$a東京 :$b平凡社,$c1982.
=880  1\$6490-05/{dollar}1$a東洋文庫 ;$v409
=880  1\$6700-06/{dollar}1$a姜漢永,$d1913-
=880  1\$6700-07/{dollar}1$a田中明,$d1926-
=880  \0$6830-08/{dollar}1$a東洋文庫 ;$v409.
=859  \\$aORR$bJapanKnowledge
=CAT  \\$aW1704-1242$b00$c20170509$lBLL01$h0927
=CAT  \\$aBATCH-UPD$b00$c20170509$lBLL01$h0928
=CAT  \\$aBATCH-UPD$b00$c20170509$lBLL01$h0938
=CAT  \\$aW2003-0365$c20200305$lBLL01$h1101
=FIN  \\$aY$d20170509
=SID  \\$aZ30$bOCLC
=SRC  \\$aJapanKnowledge_2017$bJK_OCLC20170203.mrc
=LAS  \\$aW2003-0365$b00$c20200305$lBLL01$h1101

