=LDR  03604 am a22008054i 4500
=001  018337737
=003  Uk
=005  20170106042754.0
=006  m\\\\\o\\d\\\\\\\\
=007  cr\|||||||||||
=008  151112s1999\\\\ja\a\\\\ob\\\\001\1\jpn\d
=FMT  \\$a  BK
=020  \\$z4096580406
=020  \\$z9784096580400
=035  \\$a(OCoLC)928950281
=040  \\$aYUS$beng$cYUS$dOCLCO$dYUS$dOCL$dYUS$dOCLCO$dUk$erda$epn
=043  \\$aa-ja---
=050  \4$aPL777.2$b.M38 1999
=245  00$6880-01$aMatsuura no Miya monogatari.$bMumyō-zōshi /$ckōchū, yaku Higuchi Yoshimaro, Kuboki Tetsuo.
=246  3\$6880-02$aMatsuura no Miya monogatari. Mumyō-zōshi
=264  \1$6880-03$aTōkyō :$bShōgakkan,$c1999.
=300  \\$a1 online resource.
=336  \\$atext$btxt$2rdacontent
=337  \\$acomputer$bc$2rdamedia
=338  \\$aonline resource$bcr$2rdacarrier
=490  1\$6880-04$aShinpen Nihon koten bungaku zenshū ;$v40
=500  \\$6880-05$aMatsuura no Miya monogatari : generally attributed to Fujiwara Teika.
=500  \\$6880-06$aMumyō-zōshi : sometimes attributed to Shunzei-kyō no Musume.
=504  \\$aIncludes bibliographical references and index.
=588  \\$aDescription based on print version.
=648  \7$a794-1185$2fast
=650  \0$aJapanese fiction$yHeian period, 794-1185.
=650  \0$aJapanese literature$yHeian period, 794-1185$xHistory and criticism.
=650  \7$aJapanese fiction$xHeian period.$2fast$0(OCoLC)fst01711078
=650  \7$aJapanese literature$xHeian period.$2fast$0(OCoLC)fst01710986
=655  \7$aCriticism, interpretation, etc.$2fast$0(OCoLC)fst01411635
=700  0\$6880-07$aFujiwara Toshinari no Musume,$d1171?-1254?
=700  1\$6880-08$aHiguchi, Yoshimaro,$d1921-2011
=700  1\$6880-09$aKuboki, Tetsuo,$d1931-
=700  1\$6880-10$aFujiwara, Sadaie,$d1162-1241
=730  02$6880-11$aMumyō-zōshi
=773  0\$tJapanKnowledge
=776  08$iPrint version:$tMatsuura no Miya monogatari
=830  \0$6880-12$aShinpen Nihon koten bungaku zenshū$v40.
=856  40$3JapanKnowledge Volume 2$uhttp://japanknowledge.com/lib/display/?lid=80110V00400167$yJapanKnowledge Lib
=856  40$3JapanKnowledge Volume 1$uhttp://japanknowledge.com/lib/display/?lid=80110V00400009$yJapanKnowledge Lib
=880  00$6245-01/{dollar}1$a松浦宮物語.$b無名草子 /$c校注・訳 樋口芳麻呂, 久保木哲夫.
=880  3\$6246-02/{dollar}1$a松浦宮物語. 無名草子
=880  \1$6264-03/{dollar}1$a東京 :$b小学館,$c1999.
=880  1\$6490-04/{dollar}1$a新編日本古典文学全集 ;$v40
=880  \\$6500-05/{dollar}1$a松浦宮物語 : generally attributed to 藤原定家.
=880  \\$6500-06/{dollar}1$a無名草子 : sometimes attributed to 俊成卿女.
=880  0\$6700-07/{dollar}1$a藤原俊成女,$d1171?-1254?
=880  1\$6700-08/{dollar}1$a樋口芳麻呂,$d1921-
=880  1\$6700-09/{dollar}1$a久保木哲夫,$d1931-
=880  1\$6700-10/{dollar}1$a藤原定家,$d1162-1241.
=880  02$6730-11/{dollar}1$a無名草子.
=880  \0$6830-12/{dollar}1$a新編日本古典文学全集 ;$v40.
=859  \\$aORR$bJapanKnowledge
=CAT  \\$aW1704-1242$b00$c20170509$lBLL01$h0927
=CAT  \\$aBATCH-UPD$b00$c20170509$lBLL01$h0928
=CAT  \\$aBATCH-UPD$b00$c20170509$lBLL01$h0938
=CAT  \\$a5100$b40$c20190122$lBLL01$h0726
=CAT  \\$aBATCH-UPD$b40$c20190122$lBLL01$h0726
=CAT  \\$aW2003-0365$c20200305$lBLL01$h1101
=CAT  \\$aBATCH-UPD$b00$c20200918$lBLL01$h2044
=FIN  \\$aY$d20170509
=SID  \\$aZ30$bOCLC
=SRC  \\$aJapanKnowledge_2017$bJK_OCLC20170203.mrc
=LAS  \\$aBATCH-UPD$b00$c20200918$lBLL01$h2044

