=LDR  02414 am a22006137a 4500
=001  018337738
=003  Uk
=005  20170106042754.0
=006  m\\\\\o\\d\\\\\\\\
=007  cr\un|||||||||
=008  090202s1992\\\\ja\a\\\\ob\\\\000\0\jpn\d
=FMT  \\$a  BK
=035  \\$a(OCoLC)301280537
=040  \\$aOCLCE$beng$cOCLCE$dOCLCQ$dCUS$dOCLCQ$dOCLCF$dYUS$dOCLCO$dYUS$dOCLCO$dOCLCQ$dYUS$dOCLCO$dUk$epn
=041  1\$ajpn$hrus
=043  \\$aa-kr---
=050  \4$aDS902.2$b.P63 1992
=130  0\$aPo Koree.$lJapanese.
=245  10$6880-01$aChōsen ryokōki /$cGe De Chagai hen ; Inoue Kōichi yaku.
=250  \\$6880-02$aShohan.
=260  \\$6880-03$aTōkyō :$bHeibonsha,$c1992.
=300  \\$a1 online resource (354 pages) :$billustrations.
=336  \\$atext$btxt$2rdacontent
=337  \\$acomputer$bc$2rdamedia
=338  \\$aonline resource$bcr$2rdacarrier
=490  1\$6880-04$aTōyō bunko ;$v547
=504  \\$aIncludes bibliographical references (page 351).
=588  0\$aPrint version record.
=650  \7$aTravel.$2fast$0(OCoLC)fst01155558
=651  \0$aKorea$xDescription and travel.
=651  \7$aKorea.$2fast$0(OCoLC)fst01206434
=700  1\$6880-05$aInoue, Kōichi,$d1940-
=700  1\$aTi︠a︡gaĭ, G. D.$q(Galina Davydovna).
=773  0\$tJapanKnowledge
=776  08$iPrint version:$aPo Koree. Japanese.$tChōsen ryokōki.$bShohan.$dTōkyō : Heibonsha, 1992$z4582805477$z9784582805475
=830  \0$6880-06$aTōyō bunko$v547.
=856  40$3JapanKnowledge$uhttp://japanknowledge.com/lib/display/?lid=80010V0547P0002$yJapanKnowledge Lib
=880  10$6245-01/{dollar}1$a朝鮮旅行記 /$cゲ・デ・チャガイ編 ; 井上紘一訳.
=880  \\$6250-02/{dollar}1$a初版.
=880  \\$6260-03/{dollar}1$a東京 :$b平凡社,$c1992.
=880  1\$6490-04/{dollar}1$a東洋文庫 ;$v547
=880  1\$6700-05/{dollar}1$a井上紘一,$d1940-
=880  \0$6830-06/{dollar}1$a東洋文庫 ;$v547.
=859  \\$aORR$bJapanKnowledge
=CAT  \\$aW1704-1242$b00$c20170509$lBLL01$h0927
=CAT  \\$aBATCH-UPD$b00$c20170509$lBLL01$h0928
=CAT  \\$aBATCH-UPD$b00$c20170509$lBLL01$h0938
=CAT  \\$a5194$b40$c20180227$lBLL01$h0837
=CAT  \\$aBATCH-UPD$b40$c20180227$lBLL01$h0837
=CAT  \\$aW2003-0365$c20200305$lBLL01$h1101
=FIN  \\$aY$d20170509
=SID  \\$aZ30$bOCLC
=SRC  \\$aJapanKnowledge_2017$bJK_OCLC20170203.mrc
=LAS  \\$aW2003-0365$b00$c20200305$lBLL01$h1101

