=LDR  02485 am a22006377a 4500
=001  018337739
=003  Uk
=005  20170106042754.0
=006  m\\\\\o\\d\\\\\\\\
=007  cr\un|||||||||
=008  090109s1998\\\\ja\\\\\\ob\\\\000\0\jpn\d
=FMT  \\$a  BK
=035  \\$a(OCoLC)297857764
=040  \\$aOCLCE$beng$cOCLCE$dOCLCQ$dCUS$dOCLCQ$dOCLCF$dYUS$dOCLCO$dYUS$dOCLCO$dOCLCQ$dYUS$dOCLCO$dUk$epn
=041  1\$ajpn$hsan
=050  \4$aBQ470.S3$bV3716 1998
=050  \4$aHQ470.S3$bV348 1998
=100  0\$aVātsyāyana.
=240  10$aKāmasūtra.$lJapanese
=245  10$6880-01$aKan'yaku Kāma sūtora /$cVātsuyāyana ; Iwamoto Yutaka yakucho ; Nakano Miyoko kaisetsu.
=246  30$6880-02$aKāma sūtora
=250  \\$6880-03$aShohan.
=260  \\$6880-04$aTōkyō :$bHeibonsha,$c1998.
=300  \\$a1 online resource (372 pages).
=336  \\$atext$btxt$2rdacontent
=337  \\$acomputer$bc$2rdamedia
=338  \\$aonline resource$bcr$2rdacarrier
=490  1\$6880-05$aTōyō bunko ;$v628
=504  \\$aIncludes bibliographical references.
=588  0\$aPrint version record.
=650  \0$aLove.
=650  \0$aSex.
=650  \7$aLove.$2fast$0(OCoLC)fst01002769
=650  \7$aSex.$2fast$0(OCoLC)fst01114160
=700  1\$6880-06$aIwamoto, Yutaka,$d1910-
=700  1\$6880-07$aNakano, Miyoko.
=773  0\$tJapanKnowledge
=776  08$iPrint version:$aVātsyāyana.$sKāmasūtra. Japanese.$tKan'yaku Kāma sūtora.$bShohan.$dTōkyō : Heibonsha, 1998$z4582806287$z9784582806281
=830  \0$6880-08$aTōyō bunko$v628.
=856  40$3JapanKnowledge$uhttp://japanknowledge.com/lib/display/?lid=80010V0628P0002$yJapanKnowledge Lib
=880  10$6245-01/{dollar}1$a完訳カーマ・スートラ /$cヴァーツヤーヤナ ; 岩本裕訳著 ; 中野美代子解說.
=880  30$6246-02/{dollar}1$aカーマ・スートラ
=880  \\$6250-03/{dollar}1$a初版.
=880  \\$6260-04/{dollar}1$a東京 :$b平凡社,$c1998.
=880  1\$6490-05/{dollar}1$a東洋文庫 ;$v628
=880  1\$6700-06/{dollar}1$a岩本裕,$d1910-
=880  1\$6700-07/{dollar}1$a中野美代子.
=880  \0$6830-08/{dollar}1$a東洋文庫 ;$v628.
=859  \\$aORR$bJapanKnowledge
=CAT  \\$aW1704-1242$b00$c20170509$lBLL01$h0927
=CAT  \\$aBATCH-UPD$b00$c20170509$lBLL01$h0928
=CAT  \\$aW2003-0365$c20200305$lBLL01$h1101
=FIN  \\$aY$d20170509
=SID  \\$aZ30$bOCLC
=SRC  \\$aJapanKnowledge_2017$bJK_OCLC20170203.mrc
=LAS  \\$aW2003-0365$b00$c20200305$lBLL01$h1101

