=LDR  02786 am a22006737  4500
=001  018337740
=003  Uk
=005  20170106042755.0
=006  m\\\\\o\\d\\\\\\\\
=007  cr\|||||||||||
=008  100702s1969\\\\ja\\\\\\ob\\\\000\0\jpn\d
=FMT  \\$a  BK
=019  \\$a301102461
=035  \\$a(OCoLC)645759001$z(OCoLC)301102461
=040  \\$aOCLCE$beng$cOCLCE$dOCLCQ$dOCLCO$dOCLCA$dCUS$dOCLCQ$dOCLCF$dOCLCO$dYUS$dOCLCO$dYUS$dOCLCO$dOCLCQ$dYUS$dOCLCO$dUk$epn
=041  1\$ajpn$hdut
=042  \\$adlr
=043  \\$aa-kr---
=050  \4$aDS902$b.H1816
=100  1\$aHamel, Hendrik,$dactive 1653-1669.
=245  10$6880-01$aChōsen yūshūki$cHendorikku Hameru cho, Ikuta Shigeru yaku.
=260  \\$6880-02$aTōkyō,$bHeibonsha,$cShōwa 44 (1969)
=300  \\$a1 online resource (252 pages).
=336  \\$atext$btxt$2rdacontent
=337  \\$acomputer$bc$2rdamedia
=338  \\$aonline resource$bcr$2rdacarrier
=490  1\$6880-03$aTōyō bunko,$v132
=504  \\$aIncludes bibliographical references (pages 246-252).
=588  0\$aPrint version record.
=650  \0$aShipwrecks.
=650  \7$aShipwrecks.$2fast$0(OCoLC)fst01116638
=650  \7$aTravel.$2fast$0(OCoLC)fst01155558
=651  \0$6880-04$aCheju-do (Korea)$xDescription and travel.
=651  \0$aKorea$xDescription and travel.
=651  \7$aKorea$zCheju T'ŭkpyŏl Chach'ido.$2fast$0(OCoLC)fst01864820
=651  \7$aKorea.$2fast$0(OCoLC)fst01206434
=700  1\$6880-05,$aIkuta, Shigeru,$d1935-$ecompiler.
=700  1\$6880-06.$aWitsen, Nicolaas,$d1641-1717$tChōsen yūshūki.
=773  0\$tJapanKnowledge
=776  08$iPrint version:$aHamel, Hendrik, active 1653-1669.$tChōsen yūshūki.$dTōkyō, Heibonsha, Shōwa 44 (1969)
=830  \0$6880-07$aTōyō bunko$v132.
=856  40$3JapanKnowledge$uhttp://japanknowledge.com/lib/display/?lid=80010V0132P0002$yJapanKnowledge Lib
=880  10$6245-01/{dollar}1$a朝鮮幽囚記,$cヘンドリック・ハメル著, 生田滋訳.
=880  \\$6260-02/{dollar}1$a東京,$b平凡社,$c昭和44 (1969)
=880  \\$6250-00/{dollar}1$a初版.
=880  1\$6490-03/{dollar}1$a東洋文庫,$v132
=880  \4$6651-04/{dollar}1$a済州島 (Korea)$xDescription and travel.
=880  1\$6700-05/{dollar}1$a生田滋,$d1935-$ecompiler.
=880  1\$6700-06/{dollar}1$aWitsen, Nicolaas,$d1641-1717.$t朝鮮幽囚記.
=880  \0$6830-07/{dollar}1$a東洋文庫 ;$v132.
=859  \\$aORR$bJapanKnowledge
=CAT  \\$aW1704-1242$b00$c20170509$lBLL01$h0927
=CAT  \\$aBATCH-UPD$b00$c20170509$lBLL01$h0928
=CAT  \\$aBATCH-UPD$b00$c20170509$lBLL01$h0938
=CAT  \\$aW2003-0365$c20200305$lBLL01$h1101
=FIN  \\$aY$d20170509
=SID  \\$aZ30$bOCLC
=SRC  \\$aJapanKnowledge_2017$bJK_OCLC20170203.mrc
=LAS  \\$aW2003-0365$b00$c20200305$lBLL01$h1101

