=LDR  02025 am a22005534i 4500
=001  018337741
=003  Uk
=005  20170106042755.0
=006  m\\\\\o\\d\\\\\\\\
=007  cr\|||||||||||
=008  151112s1963\\\\ja\\\\\\o\\\\\000\0\jpn\d
=FMT  \\$a  BK
=035  \\$a(OCoLC)928950684
=040  \\$aYUS$beng$cYUS$dOCLCO$dYUS$dOCLCO$dUk$erda$epn
=041  1\$ajpn$hfre
=043  \\$ae-gr---
=245  00$6880-01$aGirishia no shintaku /$cRobert Flacelière cho ; Tobari Tomoo yaku.
=264  \1$6880-02$aTōkyō :$bHakusuisha,$c1963.
=300  \\$a1 online resource.
=336  \\$atext$btxt$2rdacontent
=337  \\$acomputer$bc$2rdamedia
=338  \\$aonline resource$bcr$2rdacarrier
=490  1\$6880-03$aBunko kuseju ;$v342
=588  \\$aDescription based on print version.
=650  \0$aDivination$zGreece.
=650  \0$aOracles, Greek.
=650  \7$aDivination.$2fast$0(OCoLC)fst00895747
=650  \7$aOracles, Greek.$2fast$0(OCoLC)fst01046992
=651  \7$aGreece.$2fast$0(OCoLC)fst01208380
=700  1\$6880-05$aTobari, Tomoo.
=700  1\$aFlacelière, Robert,$d1904-1982.
=730  0\$aDevins et oracles Grecs.
=773  0\$tJapanKnowledge
=776  08$iPrint version:$tGirishia no shintaku
=830  \0$6880-06$aBunko kuseju$v342.
=856  40$3JapanKnowledge$uhttp://japanknowledge.com/lib/display/?lid=8021003420000$yJapanKnowledge Lib
=880  00$6245-01$aギリシアの神託 /$cロベール・フラスリエール著 ; 戶張智雄訳.
=880  \1$6264-02$a東京 :$b白水社,$c1963.
=880  1\$6490-03$a文庫クセジュ ;$v342
=880  1\$6700-05$a戶張智雄.
=880  \0$6830-06$a文庫クセジュ ;$v342.
=859  \\$aORR$bJapanKnowledge
=CAT  \\$aW1704-1242$b00$c20170509$lBLL01$h0927
=CAT  \\$aBATCH-UPD$b00$c20170509$lBLL01$h0928
=CAT  \\$aW2003-0365$c20200305$lBLL01$h1101
=FIN  \\$aY$d20170509
=SID  \\$aZ30$bOCLC
=SRC  \\$aJapanKnowledge_2017$bJK_OCLC20170203.mrc
=LAS  \\$aW2003-0365$b00$c20200305$lBLL01$h1101

