=LDR  02835 am a22006857i 4500
=001  018337742
=003  Uk
=005  20170106042755.0
=006  m\\\\\o\\d\\\\\\\\
=007  cr\|||||||||||
=008  100305s1974\\\\ja\af\\\o\\\\\000\0\jpn\d
=FMT  \\$a  BK
=019  \\$a298022722
=035  \\$a(OCoLC)541078454$z(OCoLC)298022722
=040  \\$aOCLCE$beng$cOCLCE$dOCLCQ$dCUS$dOCLCQ$dOCLCO$dOCLCQ$dOCLCF$dOCLCO$dOCL$dYUS$dOCLCO$dYUS$dOCLCO$dOCLCQ$dYUS$dOCLCO$dUk$epn
=042  \\$adlr
=043  \\$aa-ja---$aa-kr---
=050  \4$aDS808$b.S5816 <Asian Japan>
=100  1\$6880-01$aSin, Yu-han,$d1681-1752
=240  10$6880-02$aHaeyurok.$lJapanese
=245  10$6880-03$aKaiyūroku :$bChōsen tsūshinshi no Nihon kikō /$cShin Ikan ; Kyō Zaigen yakuchū.
=250  \\$6880-04$aShohan.
=260  \\$6880-05$aTōkyō :$bHeibonsha,$cShōwa 49 [1974]
=300  \\$a1 online resource (v, 339 pages, [1] leaf of plates) :$billustrations.
=336  \\$atext$btxt$2rdacontent
=337  \\$acomputer$bc$2rdamedia
=338  \\$aonline resource$bcr$2rdacarrier
=490  1\$6880-06$aTōyō bunko ;$v252
=588  0\$aPrint version record.
=650  \7$aDiplomatic relations.$2fast$0(OCoLC)fst01907412
=650  \7$aTravel.$2fast$0(OCoLC)fst01155558
=651  \0$aJapan$xDescription and travel$vEarly works to 1800.
=651  \0$aJapan$xDescription and travel.
=651  \0$aJapan$xForeign relations$zKorea.
=651  \0$aKorea$xForeign relations$zJapan.
=651  \7$aJapan.$2fast$0(OCoLC)fst01204082
=651  \7$aKorea.$2fast$0(OCoLC)fst01206434
=655  \7$aEarly works.$2fast$0(OCoLC)fst01411636
=700  1\$6880-07$aKang, Chae-ŏn,$d1926-
=773  0\$tJapanKnowledge
=776  08$iPrint version:$aSin, Yu-han, b. 1681.$sHaeyurok. Japanese.$tKaiyūroku.$dTōkyō : Heibonsha, Shōwa 49 [1974]
=830  \0$6880-08$aTōyō bunko$v252.
=856  40$3JapanKnowledge$uhttp://japanknowledge.com/lib/display/?lid=80010V0252P0003$yJapanKnowledge Lib
=880  1\$6100-01/{dollar}1$a申維翰,$d1681-1752.
=880  10$6240-02/{dollar}1$a海遊錄.$lJapanese
=880  10$6245-03/{dollar}1$a海遊錄 :$b朝鮮通信使の日本紀行 /$c申維翰 ; 姜在彥訳注.
=880  \\$6250-04/{dollar}1$a初版.
=880  \\$6260-05/{dollar}1$a東京 :$b平凡社,$c昭和49 [1974]
=880  1\$6490-06/{dollar}1$a東洋文庫 ;$v252
=880  1\$6700-07/{dollar}1$a姜在彥,$d1926-
=880  \0$6830-08/{dollar}1$a東洋文庫 ;$v252.
=859  \\$aORR$bJapanKnowledge
=CAT  \\$aW1704-1242$b00$c20170509$lBLL01$h0927
=CAT  \\$aBATCH-UPD$b00$c20170509$lBLL01$h0928
=CAT  \\$aBATCH-UPD$b00$c20170509$lBLL01$h0938
=CAT  \\$aW2003-0365$c20200305$lBLL01$h1101
=FIN  \\$aY$d20170509
=SID  \\$aZ30$bOCLC
=SRC  \\$aJapanKnowledge_2017$bJK_OCLC20170203.mrc
=LAS  \\$aW2003-0365$b00$c20200305$lBLL01$h1101

