=LDR  03203 am a22007217a 4500
=001  018337743
=003  Uk
=005  20170106042756.0
=006  m\\\\\o\\d\\\\\\\\
=007  cr\|||||||||||
=008  100420m19801981ja\a\\\\ob\\\\001\0\jpn\d
=FMT  \\$a  BK
=019  \\$a300548597
=035  \\$a(OCoLC)608407856$z(OCoLC)300548597
=040  \\$aOCLCE$beng$cOCLCE$dOCLCQ$dCUS$dOCLCQ$dOCLCA$dOCLCQ$dOCLCF$dOCLCO$dYUS$dOCLCO$dYUS$dOCLCO$dOCLCQ$dYUS$dOCLCO$dUk$epn
=041  1\$ajpn$hchi
=042  \\$adlr
=043  \\$aa-cc---
=050  \4$aDS736$b.T8416 1980
=100  1\$6880-01$aDuan, Chengshi,$d-863
=240  10$6880-02$aYou yang za zu.$lJapanese
=245  10$6880-03$aYūyō zasso /$cDan Seishiki ; Imamura Yoshio yakuchū.
=250  \\$6880-04$aShohan.
=260  \\$6880-05$aTōkyō :$bHeibonsha,$c1980-1981.
=300  \\$a1 online resource (5 volumes) :$billustrations.
=336  \\$atext$btxt$2rdacontent
=337  \\$acomputer$bc$2rdamedia
=338  \\$aonline resource$bcr$2rdacarrier
=490  1\$6880-06$aTōyō bunko ;$v382, 389, 397, 401, 404
=500  \\$aIncludes index.
=504  \\$aChronological list of the author's works: v. 5, pages 269-312.
=504  \\$aIncludes bibliographical references (v. 5, pages 329-331).
=588  0\$aPrint version record.
=651  \0$aChina$xHistory$vAnecdotes.
=651  \7$aChina.$2fast$0(OCoLC)fst01206073
=655  \7$aAnecdotes.$2fast$0(OCoLC)fst01423876
=655  \7$aHistory.$2fast$0(OCoLC)fst01411628
=700  1\$6880-07$aImamura, Yoshio,$d1925-
=773  0\$tJapanKnowledge
=776  08$iPrint version:$aDuan, Chengshi, -863.$sYou yang za zu. Japanese.$tYūyō zasso.$bShohan.$dTōkyō : Heibonsha, 1980-1981
=830  \0$6880-08$aTōyō bunko$v382, etc.
=856  40$3JapanKnowledge Volume 1$uhttp://japanknowledge.com/lib/display/?lid=80010V0382P0002$yJapanKnowledge Lib
=856  40$3JapanKnowledge Volume 2$uhttp://japanknowledge.com/lib/display/?lid=80010V0389P0002$yJapanKnowledge Lib
=856  40$3JapanKnowledge Volume 3$uhttp://japanknowledge.com/lib/display/?lid=80010V0397P0002$yJapanKnowledge Lib
=856  40$3JapanKnowledge Volume 4$uhttp://japanknowledge.com/lib/display/?lid=80010V0401P0002$yJapanKnowledge Lib
=856  40$3JapanKnowledge Volume 5$uhttp://japanknowledge.com/lib/display/?lid=80010V0404P0002$yJapanKnowledge Lib
=880  1\$6100-01/{dollar}1$a段成式,$d-863.
=880  10$6240-02/{dollar}1$a酉陽雑俎.$lJapanese
=880  10$6245-03/{dollar}1$a酉陽雑俎 /$c段成式 ; 今村与志雄訳注.
=880  \\$6250-04/{dollar}1$a初版.
=880  \\$6260-05/{dollar}1$a東京 :$b平凡社,$c1980-1981.
=880  1\$6490-06/{dollar}1$a東洋文庫 ;$v382, 389, 397, 401, 404
=880  1\$6700-07/{dollar}1$a今村与志雄,$d1925-
=880  \0$6830-08/{dollar}1$a東洋文庫 ;$v382, etc.
=859  \\$aORR$bJapanKnowledge
=CAT  \\$aW1704-1242$b00$c20170509$lBLL01$h0927
=CAT  \\$aBATCH-UPD$b00$c20170509$lBLL01$h0928
=CAT  \\$aBATCH-UPD$b00$c20170509$lBLL01$h0938
=CAT  \\$aW2003-0365$c20200305$lBLL01$h1101
=FIN  \\$aY$d20170509
=SID  \\$aZ30$bOCLC
=SRC  \\$aJapanKnowledge_2017$bJK_OCLC20170203.mrc
=LAS  \\$aW2003-0365$b00$c20200305$lBLL01$h1101

