=LDR  02896 am a22006977a 4500
=001  018337744
=003  Uk
=005  20170106042756.0
=006  m\\\\\o\\d\\\\\\\\
=007  cr\un|||||||||
=008  090109s1999\\\\ja\a\\\\ob\\\\001\0bjpn\d
=FMT  \\$a  BK
=035  \\$a(OCoLC)297790947
=040  \\$aOCLCE$beng$cOCLCE$dOCLCQ$dCUS$dOCLCA$dOCLCQ$dOCLCA$dOCLCF$dOCLCO$dOCL$dOCLCO$dYUS$dOCLCO$dYUS$dOCLCO$dOCLCQ$dOCL$dOCLCQ$dYUS$dOCLCO$dUk$epn
=041  1\$ajpn$heng
=043  \\$ae-uk---$aa-ja---
=050  \4$aDA46.S35$bA52 1999
=084  \\$a15.75$2bcl
=100  1\$aAllen, Bernard M.$q(Bernard Meredith),$d1864-
=240  10$aRt. Hon. Sir Ernest Satow, G.C.M.G.$lJapanese
=245  10$6880-01$aĀnesuto Satō den /$cB.M. Aren ; Shōda Motoo yaku.
=250  \\$6880-02$aShohan.
=260  \\$6880-03$aTōkyō :$bHeibonsha,$c1999.
=300  \\$a1 online resource (202, 17 pages) :$billustrations.
=336  \\$atext$btxt$2rdacontent
=337  \\$acomputer$bc$2rdamedia
=338  \\$aonline resource$bcr$2rdacarrier
=490  1\$6880-04$aTōyō bunko ;$v648
=500  \\$aIncludes index.
=504  \\$aList of E. Satow's works: pages 5-17 (2nd group).
=588  0\$aPrint version record.
=600  10$aSatow, Ernest Mason,$d1843-1929.
=600  17$aSatow, Ernest Mason,$d1843-1929$2fast$0(OCoLC)fst01799714
=648  \7$a1868-1912$2fast
=650  \0$aDiplomats$zGreat Britain$vBiography.
=650  \7$aDiplomats.$2fast$0(OCoLC)fst00894415
=650  \7$aPolitics and government$2fast$0(OCoLC)fst01919741
=650  17$aDiplomaten.$2gtt
=651  \0$aJapan$xPolitics and government$y1868-1912.
=651  \7$aGreat Britain.$2fast$0(OCoLC)fst01204623
=651  \7$aJapan.$2fast$0(OCoLC)fst01204082
=655  \7$aBiography.$2fast$0(OCoLC)fst01423686
=700  1\$6880-05$aShōda, Motoo.
=773  0\$tJapanKnowledge
=776  08$iPrint version:$aAllen, Bernard M. (Bernard Meredith), b. 1864.$sRt. Hon. Sir Ernest Satow, G.C.M.G. Japanese.$tĀnesuto Satō den.$bShohan.$dTōkyō : Heibonsha, 1999$z4582806481$z9784582806489
=830  \0$6880-06$aTōyō bunko$v648.
=856  40$3JapanKnowledge$uhttp://japanknowledge.com/lib/display/?lid=80010V0648P0002$yJapanKnowledge Lib
=880  10$6245-01/{dollar}1$aアーネスト・サトウ伝 /$cB.M. アレン ; 庄田元男訳.
=880  \\$6250-02/{dollar}1$a初版.
=880  \\$6260-03/{dollar}1$a東京 :$b平凡社,$c1999.
=880  1\$6490-04/{dollar}1$a東洋文庫 ;$v648
=880  1\$6700-05/{dollar}1$a庄田元男.
=880  \0$6830-06/{dollar}1$a東洋文庫 ;$v648.
=859  \\$aORR$bJapanKnowledge
=CAT  \\$aW1704-1242$b00$c20170509$lBLL01$h0927
=CAT  \\$aBATCH-UPD$b00$c20170509$lBLL01$h0928
=CAT  \\$aW2003-0365$c20200305$lBLL01$h1101
=FIN  \\$aY$d20170509
=SID  \\$aZ30$bOCLC
=SRC  \\$aJapanKnowledge_2017$bJK_OCLC20170203.mrc
=LAS  \\$aW2003-0365$b00$c20200305$lBLL01$h1101

