=LDR  03100 am a22007697a 4500
=001  018337745
=003  Uk
=005  20170106042757.0
=006  m\\\\\o\\d\\\\\\\\
=007  cr\un|||||||||
=008  090131s1999\\\\ja\\\\\\o\\\\\001\0djpn\d
=FMT  \\$a  BK
=035  \\$a(OCoLC)300862544
=040  \\$aOCLCE$beng$cOCLCE$dOCLCQ$dCUS$dOCLCQ$dOCLCF$dOCLCO$dYUS$dOCLCO$dYUS$dOCLCO$dOCLCQ$dYUS$dOCLCO$dUk$epn
=043  \\$aa-ja---
=050  \4$aPN2924.5.R34$bS45 1999
=084  \\$a779.12$2njb/9
=100  1\$6880-01$aSekine, Mokuan,$d1863-1923
=245  10$6880-02$aKōdan rakugo konjakutan /$cSekine Mokuan cho ; Yamamoto Susumu kōchū.
=250  \\$6880-03$aShohan.
=260  \\$6880-04$aTōkyō :$bHeibonsha,$c1999.
=300  \\$a1 online resource (340, 29 pages).
=336  \\$atext$btxt$2rdacontent
=337  \\$acomputer$bc$2rdamedia
=338  \\$aonline resource$bcr$2rdacarrier
=490  1\$6880-05$aTōyō bunko ;$v652
=500  \\$aIncludes index.
=588  0\$aPrint version record.
=650  \0$aRakugo$xHistory and criticism.
=650  \0$aStorytellers$zJapan$vBiography.
=650  \0$aStorytelling$zJapan$xHistory.
=650  \7$6880-06$aKodan$xRekishi.$2jlabsh
=650  \7$6880-07$aRakugo$xRekishi.$2jlabsh
=650  \7$aRakugo.$2fast$0(OCoLC)fst01089645
=650  \7$aStorytellers.$2fast$0(OCoLC)fst01134165
=650  \7$aStorytelling.$2fast$0(OCoLC)fst01134169
=650  07$6880-08$aKōdan-Rekishi.$2jlabsh/3
=650  07$6880-09$aRakugo-Rekishi.$2jlabsh/3
=651  \7$aJapan.$2fast$0(OCoLC)fst01204082
=655  \7$aBiography.$2fast$0(OCoLC)fst01423686
=655  \7$aCriticism, interpretation, etc.$2fast$0(OCoLC)fst01411635
=655  \7$aHistory.$2fast$0(OCoLC)fst01411628
=700  1\$6880-10$aYamamoto, Susumu,$d1931-
=773  0\$tJapanKnowledge
=776  08$iPrint version:$aSekine, Mokuan, 1863-1923.$tKōdan rakugo konjakutan.$bShohan.$dTōkyō : Heibonsha, 1999$z458280652X$z9784582806526
=830  \0$6880-11$aTōyō bunko$v652.
=856  40$3JapanKnowledge$uhttp://japanknowledge.com/lib/display/?lid=80010V0652P0002$yJapanKnowledge Lib
=880  1\$6100-01/{dollar}1$a関根黙庵,$d1863-1923.
=880  10$6245-02/{dollar}1$a講談落語今昔譚 /$c関根黙庵著 ; 山本進校注.
=880  \\$6250-03/{dollar}1$a初版.
=880  \\$6260-04/{dollar}1$a東京 :$b平凡社,$c1999.
=880  1\$6490-05/{dollar}1$a東洋文庫 ;$v652
=880  \7$6650-06/{dollar}1$a講談$x歴史.$2jlabsh
=880  \7$6650-07/{dollar}1$a落語$x歴史.$2jlabsh
=880  07$6650-08/{dollar}1$a講談-歴史.$2jlabsh/3
=880  07$6650-09/{dollar}1$a落語-歴史.$2jlabsh/3
=880  1\$6700-10/{dollar}1$a山本進,$d1931-
=880  \0$6830-11/{dollar}1$a東洋文庫 ;$v652.
=859  \\$aORR$bJapanKnowledge
=CAT  \\$aW1704-1242$b00$c20170509$lBLL01$h0927
=CAT  \\$aBATCH-UPD$b00$c20170509$lBLL01$h0928
=CAT  \\$aBATCH-UPD$b00$c20170509$lBLL01$h0938
=CAT  \\$aW2003-0365$c20200305$lBLL01$h1101
=FIN  \\$aY$d20170509
=SID  \\$aZ30$bOCLC
=SRC  \\$aJapanKnowledge_2017$bJK_OCLC20170203.mrc
=LAS  \\$aW2003-0365$b00$c20200305$lBLL01$h1101

