=LDR  02460 am a22005654i 4500
=001  018337746
=003  Uk
=005  20170106042757.0
=006  m\\\\\o\\d\\\\\\\\
=007  cr\|||||||||||
=008  151008s2001\\\\ja\a\\\\o\\\\\000\0\jpn\d
=FMT  \\$a  BK
=020  \\$z4096580600
=020  \\$z9784096580608
=035  \\$a(OCoLC)923018775
=040  \\$aYUS$beng$cYUS$dYUS$dOCLCO$dUk$erda$epn
=050  \4$aPL766$b.K943 2001
=245  00$6880-01$aKyōgenshū :$bSuehirogari, Utsubozaru, Suminuri, Suhōotoshi, Bōshibari, Busu, Kaki yamabushi, Shūron hoka /$ckōchū Kitagawa Tadahiko, Yasuda Akira.
=264  \1$6880-02$aTōkyō :$bShōgakkan,$c2001.
=300  \\$a1 online resource.
=336  \\$atext$btxt$2rdacontent
=337  \\$acomputer$bc$2rdamedia
=338  \\$aonline resource$bcr$2rdacarrier
=490  1\$6880-03$aShinpen Nihon koten bungaku zenshū ;$v60
=505  0\$6880-04$aSuehirogari -- Utsubozaru -- Suminuri -- Suhōotoshi -- Bōshibari -- Busu -- Kaki yamabushi -- Shūron hoka.
=588  \\$aDescription based on print version.
=650  \0$aKyōgen plays.
=650  \7$aKyōgen plays.$2fast$0(OCoLC)fst00989621
=700  1\$6880-05$aKitagawa, Tadahiko.
=700  1\$6880-06$aYasuda, Akira,$d1933-2007
=773  0\$tJapanKnowledge
=776  08$iPrint version:$tKyōgenshū
=830  \0$6880-07$aShinpen Nihon koten bungaku zenshū$v60.
=856  40$3JapanKnowledge$uhttp://japanknowledge.com/lib/display/?lid=80110V00600015$yJapanKnowledge Lib
=880  00$6245-01/{dollar}1$a狂言集 :$b末広かり, 靫猿, 墨塗, 素袍落, 棒縛, 附子, 柿山伏, 宗論ほか /$c校注北川忠彦, 安田章.
=880  \1$6264-02/{dollar}1$a東京 :$b小学館,$c2001.
=880  1\$6490-03/{dollar}1$a新編日本古典文学全集 ;$v60
=880  0\$6505-04/{dollar}1$a末広かり -- 靱猿 -- 墨塗 -- 素袍落 -- 棒縛 -- 附子 -- 柿山伏 -- 宗論ほか.
=880  1\$6700-05/{dollar}1$a北川忠彦.
=880  1\$6700-06/{dollar}1$a安田章,$d1933-2007.
=880  \0$6830-07/{dollar}1$a新編日本古典文学全集 ;$v60.
=859  \\$aORR$bJapanKnowledge
=CAT  \\$aW1704-1242$b00$c20170509$lBLL01$h0927
=CAT  \\$aBATCH-UPD$b00$c20170509$lBLL01$h0928
=CAT  \\$aW2003-0365$c20200305$lBLL01$h1101
=CAT  \\$aBATCH-UPD$b00$c20200918$lBLL01$h2045
=FIN  \\$aY$d20170509
=SID  \\$aZ30$bOCLC
=SRC  \\$aJapanKnowledge_2017$bJK_OCLC20170203.mrc
=LAS  \\$aBATCH-UPD$b00$c20200918$lBLL01$h2045

