=LDR  01789 am a22004934i 4500
=001  018337747
=003  Uk
=005  20170106042757.0
=006  m\\\\\o\\d\\\\\\\\
=007  cr\|||||||||||
=008  151113s2009\\\\ja\\\\\\od\\\\000\0\jpn\d
=FMT  \\$a  BK
=020  \\$z4627240120
=020  \\$z9784627240124
=035  \\$a(OCoLC)929030805
=040  \\$aYUS$beng$cYUS$dOCLCO$dYUS$dOCLCO$dOCLCF$dOCLCO$dUk$erda$epn
=245  00$6880-01$aKagaku jiten /$cYoshimura Jūji henshū daihyō.
=246  1\$6880-02$aDejitaru kagaku jiten
=264  \1$6880-03$aTōkyō :$bMorikita Shuppan,$c2009.
=300  \\$a1 online resource
=336  \\$atext$btxt$2rdacontent
=337  \\$acomputer$bc$2rdamedia
=338  \\$aonline resource$bcr$2rdacarrier
=588  \\$aDescription based on print version.
=650  \0$aChemistry$vDictionaries$xJapanese.
=650  \0$aChemistry$vDictionaries.
=650  \7$aChemistry.$2fast$0(OCoLC)fst00853344
=655  \7$aDictionaries.$2fast$0(OCoLC)fst01423826
=700  1\$6880-04$aYoshimura, Jūji.
=773  0\$tJapanKnowledge
=776  08$iPrint version:$tKagaku jiten
=856  40$3JapanKnowledge$uhttp://japanknowledge.com/lib/search/basic/?cids=58060$yJapanKnowledge Lib
=880  00$6245-01/{dollar}1$a化学辞典 /$c吉村寿次編集代表.
=880  1\$6246-02/{dollar}1$aデジタル化学辞典
=880  \1$6264-03/{dollar}1$a東京 :$b森北出版,$c2009.
=880  1\$6700-04/{dollar}1$a吉村寿次.
=859  \\$aORR$bJapanKnowledge
=CAT  \\$aW1704-1242$b00$c20170509$lBLL01$h0927
=CAT  \\$aBATCH-UPD$b00$c20170509$lBLL01$h0928
=CAT  \\$aW2003-0365$c20200305$lBLL01$h1101
=FIN  \\$aY$d20170509
=SID  \\$aZ30$bOCLC
=SRC  \\$aJapanKnowledge_2017$bJK_OCLC20170203.mrc
=LAS  \\$aW2003-0365$b00$c20200305$lBLL01$h1101

