=LDR  02830 am a22007217a 4500
=001  018337748
=003  Uk
=005  20170106042758.0
=006  m\\\\\o\\d\\\\\\\\
=007  cr\un|||||||||
=008  120403s1974\\\\ja\a\\\\ob\\\\000\0\jpn\d
=FMT  \\$a  BK
=035  \\$a(OCoLC)783367539
=040  \\$aCUS$beng$cCUS$dOCLCQ$dOCLCF$dYUS$dOCLCO$dOCLCQ$dYUS$dOCLCO$dOCLCQ$dYUS$dOCLCO$dUk
=041  1\$ajpn$hchi
=043  \\$aa-cc---
=050  \4$aGR335$bM53a
=130  0\$6880-01$aMiao zu min jian gu shi xuan.$lJapanese.
=245  10$6880-02$aByōzoku minwashū /$cMuramatsu Kazuya hen'yaku.
=246  3\$aMyaozoku minwashū
=260  \\$6880-03$aTōkyō :$bHeibonsha,$cShōwa 49 [1974]
=300  \\$a1 online resource (13, 429 pages) :$billustrations.
=336  \\$atext$btxt$2rdacontent
=337  \\$acomputer$bc$2rdamedia
=338  \\$aonline resource$bcr$2rdacarrier
=490  1\$6880-04$aTōyō bunko ;$v260
=490  1\$6880-05$aChūgoku no kōshō bungei ;$v2
=504  \\$aIncludes bibliographical references (pages 422-427).
=588  0\$aPrint version record.
=650  \0$aFolklore$zChina.
=650  \0$aHmong (Asian people)$zChina$xFolklore.
=650  \7$aFolklore.$2fast$0(OCoLC)fst00930306
=650  \7$aHmong (Asian people)$2fast$0(OCoLC)fst00958436
=651  \7$aChina.$2fast$0(OCoLC)fst01206073
=653  \\$6880-06$aMukashibanashi$aChūgoku.
=653  \\$6880-07$aByōzoku.
=655  \7$aFolklore.$2fast$0(OCoLC)fst01423784
=700  1\$6880-08$aMuramatsu, Kazuya,$d1926-
=773  0\$tJapanKnowledge
=776  08$iPrint version:$tByōzoku minwashū.$dTōkyō : Heibonsha, Shōwa 49 [1974]
=830  \0$6880-09$aTōyō bunko$v260.
=830  \0$6880-10$aChūgoku no kōshō bungei ;$v2.
=856  40$3JapanKnowledge$uhttp://japanknowledge.com/lib/display/?lid=80010V0260P0002$yJapanKnowledge Lib
=880  0\$6130-01/{dollar}1$a苗族民間故事選.$lJapanese.
=880  10$6245-02/{dollar}1$a苗族民話集 /$c村松一弥編訳.
=880  \\$6250-00/{dollar}1$a初版.
=880  \\$6260-03/{dollar}1$a東京 :$b平凡社,$c昭和 49 [1974]
=880  1\$6490-04/{dollar}1$a東洋文庫 ;$v260
=880  1\$6490-05/{dollar}1$a中国の口承文芸 ;$v2
=880  \\$6653-06/{dollar}1$a昔話$a中国.
=880  \\$6653-07/{dollar}1$a苗族.
=880  1\$6700-08/{dollar}1$a村松一弥,$d1926-
=880  \0$6830-09/{dollar}1$a東洋文庫 ;$v260.
=880  \0$6830-10/{dollar}1$a中国の口承文芸 ;$v2.
=859  \\$aORR$bJapanKnowledge
=CAT  \\$aW1704-1242$b00$c20170509$lBLL01$h0927
=CAT  \\$aBATCH-UPD$b00$c20170509$lBLL01$h0928
=CAT  \\$aW2003-0365$c20200305$lBLL01$h1101
=CAT  \\$aBATCH-UPD$b00$c20200305$lBLL01$h1107
=FIN  \\$aY$d20170509
=SID  \\$aZ30$bOCLC
=SRC  \\$aJapanKnowledge_2017$bJK_OCLC20170203.mrc
=LAS  \\$aBATCH-UPD$b00$c20200305$lBLL01$h1107

