=LDR  02766 am a22006977a 4500
=001  018337749
=003  Uk
=005  20170106042758.0
=006  m\\\\\o\\d\\\\\\\\
=007  cr\|||||||||||
=008  100608s1970\\\\ja\c\\\\ob\\\\000\0ajpn\d
=FMT  \\$a  BK
=019  \\$a297804516
=035  \\$a(OCoLC)639439106$z(OCoLC)297804516
=040  \\$aOCLCE$beng$cOCLCE$dCUS$dOCLCQ$dOCLCO$dOCLCQ$dOCLCF$dOCL$dYUS$dOCLCO$dYUS$dOCLCO$dOCL$dOCLCQ$dYUS$dOCLCO$dUk$epn
=042  \\$adlr
=043  \\$aa-ja---
=050  \4$aDS884.S33$bA65
=100  1\$6880-01$aAoki, Shūzō,$d1844-1914
=245  10$6880-02$aAoki Shūzō jiden /$cSakane Yoshihisa kōchū.
=250  \\$6880-03$aShohan.
=260  \\$6880-04$aTōkyō :$bHeibonsha,$cShōwa 45 [1970]
=300  \\$a1 online resource (363 pages) :$b[1] portrait.
=336  \\$atext$btxt$2rdacontent
=337  \\$acomputer$bc$2rdamedia
=338  \\$aonline resource$bcr$2rdacarrier
=490  1\$6880-05$aTōyō bunko ;$v168
=504  \\$aIncludes bibliographical references.
=588  0\$aPrint version record.
=600  10$6880-06$aAoki, Shūzō,$d1844-1914
=600  17$aAoki, Shūzō,$d1844-1914$2fast$0(OCoLC)fst00181279
=648  \7$a1868-1912$2fast
=650  \7$aDiplomatic relations.$2fast$0(OCoLC)fst01907412
=650  \7$aPolitics and government$2fast$0(OCoLC)fst01919741
=651  \0$aJapan$xForeign relations$y1868-1912.
=651  \0$aJapan$xPolitics and government$y1868-1912.
=651  \7$aJapan.$2fast$0(OCoLC)fst01204082
=700  1\$6880-07$aSakane, Yoshihisa,$d1927-1984
=773  0\$tJapanKnowledge
=776  08$iPrint version:$aAoki, Shūzō, 1844-1914.$tAoki Shūzō jiden.$dTōkyō : Heibonsha, Shōwa 45 [1970]
=830  \0$6880-08$aTōyō bunko$v168.
=856  40$3JapanKnowledge$uhttp://japanknowledge.com/lib/display/?lid=80010V0168P0002$yJapanKnowledge Lib
=880  1\$6100-01/{dollar}1$a青木周蔵,$d1844-1914.
=880  10$6245-02/{dollar}1$a青木周蔵自伝 /$c坂根義久校注.
=880  \\$6250-03/{dollar}1$a初版.
=880  \\$6260-04/{dollar}1$a東京 :$b平凡社,$c昭和45 [1970]
=880  1\$6490-05/{dollar}1$a東洋文庫 ;$v168
=880  14$6600-06/{dollar}1$a青木周蔵,$d1844-1914.
=880  1\$6700-07/{dollar}1$a坂根義久,$d1927-1984.
=880  \0$6830-08/{dollar}1$a東洋文庫 ;$v168.
=859  \\$aORR$bJapanKnowledge
=CAT  \\$aW1704-1242$b00$c20170509$lBLL01$h0927
=CAT  \\$aBATCH-UPD$b00$c20170509$lBLL01$h0928
=CAT  \\$aBATCH-UPD$b00$c20170509$lBLL01$h0938
=CAT  \\$aW2003-0365$c20200305$lBLL01$h1101
=FIN  \\$aY$d20170509
=SID  \\$aZ30$bOCLC
=SRC  \\$aJapanKnowledge_2017$bJK_OCLC20170203.mrc
=029  1\$aCHBIS$b009942362
=029  1\$aCHVBK$b302210695
=LAS  \\$aW2003-0365$b00$c20200305$lBLL01$h1101

