=LDR  04416 am a22007937a 4500
=001  018337750
=003  Uk
=005  20170106042758.0
=006  m\\\\\o\\d\\\\\\\\
=007  cr\|||||||||||
=008  111007m19661992ja\a\\\\o\\\\\001\1\jpn\d
=FMT  \\$a  BK
=019  \\$a300732733
=035  \\$a(OCoLC)756211126$z(OCoLC)300732733
=040  \\$aOCLCE$beng$cOCLCE$dOCLCQ$dOCLCO$dCUS$dOCLCF$dYUS$dOCLCO$dYUS$dOCLCQ$dYUS$dOCLCO$dUk$epn
=041  1\$ajpn$hara
=042  \\$adlr
=050  \4$aPJ7733.J3$bM3
=130  0\$aArabian nights.$lJapanese.
=245  10$6880-01$aArabian naito /$cMaejima Shinji yaku.
=250  \\$6880-02$aShohan.
=260  \\$6880-03$aTōkyō :$bHeibonsha,$cShōwa 41-67 [1966-1992]
=300  \\$a1 online resource (18 volumes) :$billustrations.
=336  \\$atext$btxt$2rdacontent
=337  \\$acomputer$bc$2rdamedia
=338  \\$aonline resource$bcr$2rdacarrier
=490  1\$6880-04$aTōyō bunko ;$v<75, 85, 93, 127, 449, 455 ...>
=500  \\$aIncludes indexes.
=588  0\$aPrint version record.
=600  10$6880-05,$aMaejima, Shinji,$d1903-$etranslator.
=600  17$aMaejima, Shinji,$d1903-$2fast$0(OCoLC)fst00098476
=700  1\$6880-06$aMaejima, Shinji,$d1903-
=773  0\$tJapanKnowledge
=776  08$iPrint version:$aArabian nights. Japanese.$tArabian naito.$bShohan.$dTōkyō : Heibonsha, Shōwa 41-67 [1966-1992]
=830  \0$6880-07$aTōyō bunko$v75, etc.
=856  40$3JapanKnowledge Volume 1$uhttp://japanknowledge.com/lib/display/?lid=80010V0071P0002$yJapanKnowledge Lib
=856  40$3JapanKnowledge Volume 2$uhttp://japanknowledge.com/lib/display/?lid=80010V0075P0002$yJapanKnowledge Lib
=856  40$3JapanKnowledge Volume 3$uhttp://japanknowledge.com/lib/display/?lid=80010V0085P0002$yJapanKnowledge Lib
=856  40$3JapanKnowledge Volume 4$uhttp://japanknowledge.com/lib/display/?lid=80010V0093P0002$yJapanKnowledge Lib
=856  40$3JapanKnowledge Volume 5$uhttp://japanknowledge.com/lib/display/?lid=80010V0127P0002$yJapanKnowledge Lib
=856  40$3JapanKnowledge Volume 6$uhttp://japanknowledge.com/lib/display/?lid=80010V0218P0002$yJapanKnowledge Lib
=856  40$3JapanKnowledge Volume 7$uhttp://japanknowledge.com/lib/display/?lid=80010V0246P0002$yJapanKnowledge Lib
=856  40$3JapanKnowledge Volume 8$uhttp://japanknowledge.com/lib/display/?lid=80010V0290P0002$yJapanKnowledge Lib
=856  40$3JapanKnowledge Volume 9$uhttp://japanknowledge.com/lib/display/?lid=80010V0339P0002$yJapanKnowledge Lib
=856  40$3JapanKnowledge Volume 10$uhttp://japanknowledge.com/lib/display/?lid=80010V0356P0002$yJapanKnowledge Lib
=856  40$3JapanKnowledge Volume 11$uhttp://japanknowledge.com/lib/display/?lid=80010V0388P0002$yJapanKnowledge Lib
=856  40$3JapanKnowledge Volume 12$uhttp://japanknowledge.com/lib/display/?lid=80010V0399P0002$yJapanKnowledge Lib
=856  40$3JapanKnowledge Volume 13$uhttp://japanknowledge.com/lib/display/?lid=80010V0449P0002$yJapanKnowledge Lib
=856  40$3JapanKnowledge Volume 14$uhttp://japanknowledge.com/lib/display/?lid=80010V0455P0002$yJapanKnowledge Lib
=856  40$3JapanKnowledge Volume 15$uhttp://japanknowledge.com/lib/display/?lid=80010V0482P0002$yJapanKnowledge Lib
=856  40$3JapanKnowledge Volume 16$uhttp://japanknowledge.com/lib/display/?lid=80010V0502P0002$yJapanKnowledge Lib
=856  40$3JapanKnowledge Volume 17$uhttp://japanknowledge.com/lib/display/?lid=80010V0530P0002$yJapanKnowledge Lib
=856  40$3JapanKnowledge Volume 18$uhttp://japanknowledge.com/lib/display/?lid=80010V0551P0002$yJapanKnowledge Lib
=880  10$6245-01/{dollar}1$aアラビアン・ナイト /$c前嶋信次訳.
=880  \\$6250-02/{dollar}1$a初版.
=880  \\$6260-03/{dollar}1$a東京 :$b平凡社,$c昭和 41-67 [1966-1992]
=880  1\$6490-04/{dollar}1$a東洋文庫 ;$v<75, 85, 93, 127, 449, 455 ...>
=880  14$6600-05/{dollar}1$a前嶋信次,$d1903-$etranslator.
=880  1\$6700-06/{dollar}1$a前嶋信次,$d1903-
=880  \0$6830-07/{dollar}1$a東洋文庫 ;$v75, etc.
=859  \\$aORR$bJapanKnowledge
=CAT  \\$aW1704-1242$b00$c20170509$lBLL01$h0927
=CAT  \\$aBATCH-UPD$b00$c20170509$lBLL01$h0928
=CAT  \\$aBATCH-UPD$b00$c20170509$lBLL01$h0938
=CAT  \\$aW2003-0365$c20200305$lBLL01$h1101
=FIN  \\$aY$d20170509
=SID  \\$aZ30$bOCLC
=SRC  \\$aJapanKnowledge_2017$bJK_OCLC20170203.mrc
=LAS  \\$aW2003-0365$b00$c20200305$lBLL01$h1101

