=LDR  01926 am a22005294i 4500
=001  018337751
=003  Uk
=005  20170106042759.0
=006  m\\\\\o\\d\\\\\\\\
=007  cr\|||||||||||
=008  151113s2002\\\\ja\\\\\\o\\\\\000\0\jpn\d
=FMT  \\$a  BK
=020  \\$z4560058466
=020  \\$z9784560058466
=035  \\$a(OCoLC)929030743
=040  \\$aYUS$beng$cYUS$dYUS$dOCLCO$dOCLCF$dUk$erda$epn
=041  1\$ajpn$hfre
=100  1\$aCalvet, Louis-Jean,$d1942-$eauthor.
=240  10$aSociolinguistique.$lJapanese
=245  10$6880-01$aShakai gengogaku /$cRui Jan Karuve cho ; Hagio Shō yaku.
=264  \1$6880-02$aTōkyō :$bHakusuisha,$c2002.
=300  \\$a1 online resource.
=336  \\$atext$btxt$2rdacontent
=337  \\$acomputer$bc$2rdamedia
=338  \\$aonline resource$bcr$2rdacarrier
=490  1\$6880-03$aBunko kuseju ;$v846
=588  \\$aDescription based on print version.
=650  \0$aSociolinguistics.
=650  \7$aSociolinguistics.$2fast$0(OCoLC)fst01123847
=700  1\$6880-04$aHagio, Shō,$d1962-
=773  0\$tJapanKnowledge
=776  08$iPrint version:$tShakai gengogaku.
=830  \0$6880-05$aBunko kuseju$v846.
=856  40$3JapanKnowledge$uhttp://japanknowledge.com/lib/display/?lid=8021008460000$yJapanKnowledge Lib
=880  10$6245-01/{dollar}1$a社会言語学 /$cルイ=ジャン・カルヴェ著 ; 萩尾生訳.
=880  \1$6264-02/{dollar}1$a東京 :$b白水社,$c2002.
=880  1\$6490-03/{dollar}1$a文庫クセジュ ;$v846
=880  1\$6700-04/{dollar}1$a萩尾生,$d1962-
=880  \0$6830-05/{dollar}1$a文庫クセジュ ;$v846.
=859  \\$aORR$bJapanKnowledge
=CAT  \\$aW1704-1242$b00$c20170509$lBLL01$h0927
=CAT  \\$aBATCH-UPD$b00$c20170509$lBLL01$h0928
=CAT  \\$aW2003-0365$c20200305$lBLL01$h1101
=FIN  \\$aY$d20170509
=SID  \\$aZ30$bOCLC
=SRC  \\$aJapanKnowledge_2017$bJK_OCLC20170203.mrc
=LAS  \\$aW2003-0365$b00$c20200305$lBLL01$h1101

