=LDR  02308 am a22006014i 4500
=001  018337752
=003  Uk
=005  20170106042759.0
=006  m\\\\\o\\d\\\\\\\\
=007  cr\|||||||||||
=008  151113s1971\\\\ja\\\\\\o\\\\\000\0\jpn\d
=FMT  \\$a  BK
=020  \\$z4560055009
=020  \\$z9784560055007
=035  \\$a(OCoLC)929031104
=040  \\$aCNEAL$beng$cYUS$dOCLCO$dYUS$dOCLCO$dOCLCF$dOCLCO$dUk$erda$epn
=041  1\$ajpn$hfre
=050  \4$aHX36$b.F27167 1971
=100  1\$aFavre, Pierre,$d1941-$eauthor.
=245  10$6880-01$aMarukusu igo no Marukusu shugi /$cPiēru Fāvru , Moniku Fāvru kyōcho ; Takeuchi Yoshitomo yaku.
=264  \1$6880-02$aTōkyō :$bHakusuisha,$c1971.
=300  \\$a1 online resource.
=336  \\$atext$btxt$2rdacontent
=337  \\$acomputer$bc$2rdamedia
=338  \\$aonline resource$bcr$2rdacarrier
=490  1\$6880-03$aBunko kuseju ;$v500
=588  \\$aDescription based on print version.
=650  \0$aCommunism$xHistory.
=650  \0$aSocialism$xHistory.
=650  \7$aCommunism.$2fast$0(OCoLC)fst00870421
=650  \7$aSocialism.$2fast$0(OCoLC)fst01123637
=655  \7$aHistory.$2fast$0(OCoLC)fst01411628
=700  1\$6880-04$aTakeuchi, Yoshitomo,$d1919-1991
=700  1\$aFavre, Monique.
=730  0\$aMarxismes après Marx.
=773  0\$tJapanKnowledge
=776  08$iPrint version:$tMarx igo no Marx syugi
=830  \0$6880-05$aBunko kuseju$v500.
=856  40$3JapanKnowledge$uhttp://japanknowledge.com/lib/display/?lid=8021005000000$yJapanKnowledge Lib
=880  10$6245-01/{dollar}1$aマルクス以後のマルクス主義 /$cピエール・ファーヴル, モニク・ファーヴル共著 ; 竹內良知訳.
=880  \1$6264-02/{dollar}1$a東京 :$b白水社,$c1971.
=880  1\$6490-03/{dollar}1$a文庫クセジュ ;$v500
=880  1\$6700-04/{dollar}1$a竹內良知,$d1919-
=880  \0$6830-05/{dollar}1$a文庫クセジュ ;$v500.
=859  \\$aORR$bJapanKnowledge
=CAT  \\$aW1704-1242$b00$c20170509$lBLL01$h0927
=CAT  \\$aBATCH-UPD$b00$c20170509$lBLL01$h0928
=CAT  \\$aBATCH-UPD$b00$c20170509$lBLL01$h0938
=CAT  \\$aW2003-0365$c20200305$lBLL01$h1101
=FIN  \\$aY$d20170509
=SID  \\$aZ30$bOCLC
=SRC  \\$aJapanKnowledge_2017$bJK_OCLC20170203.mrc
=LAS  \\$aW2003-0365$b00$c20200305$lBLL01$h1101

