=LDR  02503 am a22006257a 4500
=001  018337753
=003  Uk
=005  20170106042759.0
=006  m\\\\\o\\d\\\\\\\\
=007  cr\unu---uuaua
=008  090109s1998\\\\ja\a\\\\o\\\\\001\0bjpn\d
=FMT  \\$a  BK
=035  \\$a(OCoLC)297705919
=040  \\$aOCLCE$beng$cOCLCE$dOCLCQ$dCUS$dOCLCQ$dOCLCF$dOCLCO$dOCL$dYUS$dOCLCO$dYUS$dOCLCQ$dYUS$dOCLCO$dUk$epn
=043  \\$aa-ja---
=050  \4$aBQ9399.I567$bI38 1998
=084  \\$a188.82$2njb/9
=245  00$6880-01$aIkkyū Oshō nenpu /$cImaizumi Yoshio kōchū.
=250  \\$6880-02$aShohan.
=260  \\$6880-03$aTōkyō :$bHeibonsha,$c1998.
=300  \\$a1 online resource (2 volumes).
=336  \\$atext$btxt$2rdacontent
=337  \\$acomputer$bc$2rdamedia
=338  \\$aonline resource$bcr$2rdacarrier
=490  1\$6880-04$aTōyō bunko ;$v641-642
=500  \\$aIncludes index.
=588  0\$aPrint version record.
=600  00$6880-05$aIkkyū,$d1394-1481$vChronology.
=600  07$aIkkyū,$d1394-1481$2fast$0(OCoLC)fst00059487
=650  \0$aZen priests$zJapan$vBiography.
=650  \7$aZen priests.$2fast$0(OCoLC)fst01734289
=651  \7$aJapan.$2fast$0(OCoLC)fst01204082
=655  \7$aBiography.$2fast$0(OCoLC)fst01423686
=655  \7$aChronologies.$2fast$0(OCoLC)fst01423901
=700  1\$6880-06$aImaizumi, Yoshio,$d1939-
=773  0\$tJapanKnowledge
=776  08$iPrint version:$tIkkyū Oshō nenpu.$dTōkyō : Heibonsha, 1998$z4582806414$z9784582806410
=830  \0$6880-07$aTōyō bunko$v641-642.
=856  40$3JapanKnowledge Volume 1$uhttp://japanknowledge.com/lib/display/?lid=80010V0641P0002$yJapanKnowledge Lib
=856  40$3JapanKnowledge Volume 2$uhttp://japanknowledge.com/lib/display/?lid=80010V0642P0002$yJapanKnowledge Lib
=880  00$6245-01/{dollar}1$a一休和尚年譜 /$c今泉淑夫校注.
=880  \\$6250-02/{dollar}1$a初版.
=880  \\$6260-03/{dollar}1$a東京 :$b平凡社,$c1998.
=880  1\$6490-04/{dollar}1$a東洋文庫 ;$v641-642
=880  04$6600-05/{dollar}1$a一休,$d1394-1481$vChronology.
=880  1\$6700-06/{dollar}1$a今泉淑夫,$d1939-
=880  \0$6830-07/{dollar}1$a東洋文庫 ;$v641-642.
=859  \\$aORR$bJapanKnowledge
=CAT  \\$aW1704-1242$b00$c20170509$lBLL01$h0927
=CAT  \\$aBATCH-UPD$b00$c20170509$lBLL01$h0928
=CAT  \\$aW2003-0365$c20200305$lBLL01$h1101
=FIN  \\$aY$d20170509
=SID  \\$aZ30$bOCLC
=SRC  \\$aJapanKnowledge_2017$bJK_OCLC20170203.mrc
=LAS  \\$aW2003-0365$b00$c20200305$lBLL01$h1101

