=LDR  02472 am a22006014i 4500
=001  018337754
=003  Uk
=005  20170106042800.0
=006  m\\\\\o\\d\\\\\\\\
=007  cr\|||||||||||
=008  151112s2001\\\\ja\b\\\\od\\\\000\0\jpn\d
=FMT  \\$a  BK
=020  \\$z4095061219
=020  \\$z9784095061214
=035  \\$a(OCoLC)928950756
=040  \\$aYUS$beng$cYUS$dOCLCO$dYUS$dOCLCO$dOCLCQ$dUk$erda$epn
=041  0\$ajpn$aita
=050  \4$aPL681 .I8 P65
=245  00$6880-01$aPoketto puroguresshibu I-Wa Wa-I jiten =$bDizionario tascabile italiano-giapponese giapponese-italiano /$cKōri Shirō, Ikeda Kiyoshi hen.
=246  3\$aShogakukan Dizionario tascabile italiano-giapponese giapponese-italiano
=246  30$6880-02$aI-Wa Wa-I jiten
=246  31$aDizionario tascabile italiano-giapponese giapponese-italiano
=264  \1$6880-03$aTōkyō :$bShōgakkan,$c2001.
=300  \\$a1 online resource
=336  \\$atext$btxt$2rdacontent
=337  \\$acomputer$bc$2rdamedia
=338  \\$aonline resource$bcr$2rdacarrier
=546  \\$aJapanese and Italian.
=588  0\$aPrint version.
=650  \0$aItalian language$vDictionaries$xJapanese.
=650  \0$aJapanese language$vDictionaries$xItalian.
=650  \7$aItalian language.$2fast$0(OCoLC)fst00980480
=650  \7$aJapanese language.$2fast$0(OCoLC)fst00981565
=655  \7$aDictionaries.$2fast$0(OCoLC)fst01423826
=700  1\$6880-04$aKōri, Shirō.
=700  1\$6880-05$aIkeda, Kiyoshi,$d1928-
=773  0\$tJapanKnowledge
=776  08$iPrint version:$tPoketto puroguresshibu I-Wa Wa-I jiten
=856  40$3JapanKnowledge$uhttp://japanknowledge.com/lib/search/basic/index.html?cids=42450%2C42451$yJapanKnowledge Lib
=880  00$6245-01/{dollar}1$aポケットプログレッシブ伊和・和伊辞典 =$bDizionario tascabile italiano-giapponese giapponese-italiano /$c郡史郎, 池田廉編.
=880  30$6246-02/{dollar}1$a伊和・和伊辞典
=880  \1$6264-03/{dollar}1$a東京 :$b小学館,$c2001.
=880  1\$6700-04/{dollar}1$a郡史郎.
=880  1\$6700-05/{dollar}1$a池田廉,$d1928-
=859  \\$aORR$bJapanKnowledge
=CAT  \\$aW1704-1242$b00$c20170509$lBLL01$h0927
=CAT  \\$aBATCH-UPD$b00$c20170509$lBLL01$h0928
=CAT  \\$aBATCH-UPD$b00$c20170509$lBLL01$h0938
=CAT  \\$aW2003-0365$c20200305$lBLL01$h1101
=FIN  \\$aY$d20170509
=SID  \\$aZ30$bOCLC
=SRC  \\$aJapanKnowledge_2017$bJK_OCLC20170203.mrc
=LAS  \\$aW2003-0365$b00$c20200305$lBLL01$h1101

