=LDR  03120 am a22006857a 4500
=001  018337755
=003  Uk
=005  20170106042800.0
=006  m\\\\\o\\d\\\\\\\\
=007  cr\|||||||||||
=008  100420m19761981ja\\\\\\ob\\\\001\0\jpn\d
=FMT  \\$a  BK
=019  \\$a297360613
=035  \\$a(OCoLC)608386682$z(OCoLC)297360613
=040  \\$aOCLCE$beng$cOCLCE$dOCLCQ$dCUS$dOCLCQ$dOCLCA$dOCLCQ$dOCLCF$dOCLCO$dYUS$dOCLCO$dOCLCA$dYUS$dOCLCO$dOCLCQ$dYUS$dOCLCO$dUk$epn
=042  \\$adlr
=043  \\$aa-ja---
=050  \4$aTX351$b.H58 1976
=100  1\$6880-01$aHitomi, Hitsudai,$d-1701
=245  10$6880-02$aHonchō shokkan /$cHitomi Hitsudai ; Shimada Isao yakuchū.
=250  \\$6880-03$aShohan.
=260  \\$6880-04$aTōkyō :$bHeibonsha,$cShōwa 51-56 [1976-1981]
=300  \\$a1 online resource (5 volumes).
=336  \\$atext$btxt$2rdacontent
=337  \\$acomputer$bc$2rdamedia
=338  \\$aonline resource$bcr$2rdacarrier
=490  1\$6880-05$aTōyō bunko ;$v296, 312, 340, 378, 395
=504  \\$aIncludes bibliographical references and index.
=588  0\$aPrint version record.
=650  \0$aFood$vEarly works to 1800.
=650  \0$aMateria medica$zJapan$vEarly works to 1800.
=650  \7$aFood.$2fast$0(OCoLC)fst00930458
=650  \7$aMateria medica.$2fast$0(OCoLC)fst01011707
=651  \7$aJapan.$2fast$0(OCoLC)fst01204082
=655  \7$aEarly works.$2fast$0(OCoLC)fst01411636
=700  1\$6880-06$aShimada, Isao,$d1911-1990
=773  0\$tJapanKnowledge
=776  08$iPrint version:$aHitomi, Hitsudai, -1701.$tHonchō shokkan.$bShohan.$dTōkyō : Heibonsha, Shōwa 51-56 [1976-1981]
=830  \0$6880-07$aTōyō bunko$v296, 312, 340, 378, 395.
=856  40$3JapanKnowledge Volume 1$uhttp://japanknowledge.com/lib/display/?lid=80010V0296P0002$yJapanKnowledge Lib
=856  40$3JapanKnowledge Volume 2$uhttp://japanknowledge.com/lib/display/?lid=80010V0312P0002$yJapanKnowledge Lib
=856  40$3JapanKnowledge Volume 3$uhttp://japanknowledge.com/lib/display/?lid=80010V0340P0002$yJapanKnowledge Lib
=856  40$3JapanKnowledge Volume 4$uhttp://japanknowledge.com/lib/display/?lid=80010V0378P0002$yJapanKnowledge Lib
=856  40$3JapanKnowledge Volume 5$uhttp://japanknowledge.com/lib/display/?lid=80010V0395P0002$yJapanKnowledge Lib
=880  1\$6100-01/{dollar}1$a人見必大,$d-1701.
=880  10$6245-02/{dollar}1$a本朝食鑑 /$c人見必大 ; 島田勇雄訳注.
=880  \\$6250-03/{dollar}1$a初版.
=880  \\$6260-04/{dollar}1$a東京 :$b平凡社,$c昭和51-56 [1976-1981]
=880  1\$6490-05/{dollar}1$a東洋文庫 ;$v296, 312, 340, 378, 395
=880  1\$6700-06/{dollar}1$a島田勇雄,$d1911-
=880  \0$6830-07/{dollar}1$a東洋文庫 ;$v296, 312, 340, 378, 395.
=859  \\$aORR$bJapanKnowledge
=CAT  \\$aW1704-1242$b00$c20170509$lBLL01$h0927
=CAT  \\$aBATCH-UPD$b00$c20170509$lBLL01$h0928
=CAT  \\$aBATCH-UPD$b00$c20170509$lBLL01$h0938
=CAT  \\$aW2003-0365$c20200305$lBLL01$h1101
=FIN  \\$aY$d20170509
=SID  \\$aZ30$bOCLC
=SRC  \\$aJapanKnowledge_2017$bJK_OCLC20170203.mrc
=LAS  \\$aW2003-0365$b00$c20200305$lBLL01$h1101

