=LDR  02284 am a22006137i 4500
=001  018337756
=003  Uk
=005  20170106042800.0
=006  m\\\\\o\\d\\\\\\\\
=007  cr\un||a|a||||
=008  111115s2008\\\\ja\\\\\\ob\\\\000\0\jpn\d
=FMT  \\$a  BK
=020  \\$z9784560509227
=020  \\$z4560509220
=035  \\$a(OCoLC)761140234
=040  \\$aOCLCE$beng$cOCLCE$dOCLCQ$dOCLCO$dOCLCQ$dOCLCF$dYUS$dUk$erda$epn
=041  1\$ajpn$hfre
=043  \\$aa-kr---
=050  \4$aDS907.16$b.R5 2008
=084  \\$a221.01$2njb/9
=100  1\$aYi, Ok,$eauthor.
=240  10$aHistoire de la Corée.$lJapanese
=245  10$6880-01$aChōsenshi /$cRi Gyoku cho ; Kin Yōken yaku.
=250  \\$6880-02$aZōho shinban.
=264  \1$6880-03$aTōkyō :$bHakusuisha,$c2008.
=300  \\$a1 online resource (173, 3 pages).
=336  \\$atext$btxt$2rdacontent
=337  \\$acomputer$bc$2rdamedia
=338  \\$aonline resource$bcr$2rdacarrier
=490  1\$6880-04$aBunko kuseju ;$v922
=500  \\$aTranslated from the French. originally published: Paris : Presses universitaires de France, 1969.
=504  \\$aIncludes bibliographical references.
=588  \\$aDescription based on print version record.
=651  \0$aKorea$xHistory.
=651  \7$aKorea.$2fast$0(OCoLC)fst01206434
=655  \7$aHistory.$2fast$0(OCoLC)fst01411628
=700  1\$aKim, Yong-gwŏn,$d1947-$etranslator.
=773  0\$tJapanKnowledge
=776  08$iPrint version:$aRi, Oku.$tChōsenshi.$dTōkyō : Hakusuisha, 2008
=830  \0$6880-05$aBunko kuseju$v922.
=856  40$3JapanKnowledge$uhttp://japanknowledge.com/lib/display/?lid=8021009220000$yJapanKnowledge Lib
=880  00$6245-01/{dollar}1$a朝鮮史 /$c李玉著 ; 金容権訳.
=880  \\$6250-02/{dollar}1$a増補新版.
=880  \1$6264-03/{dollar}1$a東京 :$b白水社,$c2008.
=880  1\$6490-04/{dollar}1$a文庫クセジュ ;$v922
=880  \0$6830-05/{dollar}1$a文庫クセジュ ;$v922.
=859  \\$aORR$bJapanKnowledge
=CAT  \\$aW1704-1242$b00$c20170509$lBLL01$h0927
=CAT  \\$aBATCH-UPD$b00$c20170509$lBLL01$h0928
=CAT  \\$aW2003-0365$c20200305$lBLL01$h1101
=FIN  \\$aY$d20170509
=SID  \\$aZ30$bOCLC
=SRC  \\$aJapanKnowledge_2017$bJK_OCLC20170203.mrc
=LAS  \\$aW2003-0365$b00$c20200305$lBLL01$h1101

