=LDR  02010 am a22005294i 4500
=001  018337757
=003  Uk
=005  20170106042801.0
=006  m\\\\\o\\d\\\\\\\\
=007  cr\|||||||||||
=008  151113s1977\\\\ja\\\\\\ob\\\\000\0\jpn\d
=FMT  \\$a  BK
=035  \\$a(OCoLC)929029036
=040  \\$aWTU$beng$cYUS$dOCLCO$dYUS$dOCLCO$dOCLCF$dUk$erda$epn
=041  1\$ajpn$hfre
=100  10$aOlivier, Georges,$d1912-$eauthor.
=240  10$aL'ecologie humaine.$lJapanese
=245  10$6880-01$aJinrui seitaigaku /$cJoruju Orivie cho ; Kawabe Toshio yaku.
=264  \1$6880-02$aTōkyō :$bHakusuisha,$c1977.
=300  \\$a1 online resource.
=336  \\$atext$btxt$2rdacontent
=337  \\$acomputer$bc$2rdamedia
=338  \\$aonline resource$bcr$2rdacarrier
=490  1\$6880-03$aBunko kuseju ;$v609
=504  \\$aIncludes bibliographical references.
=588  \\$aDescription based on print version.
=650  \0$aHuman ecology.
=650  \7$aHuman ecology.$2fast$0(OCoLC)fst00962941
=700  1\$6880-04$aKawabe, Toshio,$etranslator.
=700  1\$iTranslation of:$aOlivier, Georges,$d1912-$tL'ecologie humaine.
=773  0\$tJapanKnowledge
=776  08$iPrint version:$tJinrui seitaigaku
=830  \0$6880-05$aBunko kuseju$v609.
=856  40$3JapanKnowledge$uhttp://japanknowledge.com/lib/display/?lid=8021006090000$yJapanKnowledge Lib
=880  10$6245-01$a人類生態学 /$cジョルジュ・オリヴィエ著 ; 河辺俊雄訳.
=880  \1$6264-02$a東京 :$b白水社,$c1977.
=880  1\$6490-03$a文庫クセジュ ;$v609
=880  1\$6700-04$a河辺俊雄,$etranslator.
=880  \0$6830-05$a文庫クセジュ ;$v609.
=859  \\$aORR$bJapanKnowledge
=CAT  \\$aW1704-1242$b00$c20170509$lBLL01$h0927
=CAT  \\$aBATCH-UPD$b00$c20170509$lBLL01$h0928
=CAT  \\$aW2003-0365$c20200305$lBLL01$h1101
=FIN  \\$aY$d20170509
=SID  \\$aZ30$bOCLC
=SRC  \\$aJapanKnowledge_2017$bJK_OCLC20170203.mrc
=LAS  \\$aW2003-0365$b00$c20200305$lBLL01$h1101

