=LDR  02206 am a22005777a 4500
=001  018337758
=003  Uk
=005  20170106042801.0
=006  m\\\\\o\\d\\\\\\\\
=007  cr\|||||||||||
=008  111007s2001\\\\ja\ab\\\ob\\\\000\f\jpn\d
=FMT  \\$a  BK
=020  \\$z4582806902
=020  \\$z9784582806908
=035  \\$a(OCoLC)756234387
=040  \\$aOCLCE$beng$cOCLCE$dCUS$dOCLCQ$dYUS$dOCLCO$dYUS$dOCLCO$dOCLCQ$dYUS$dOCLCO$dUk$epn
=041  1\$ajpn$hmay
=042  \\$adlr
=050  \4$aPL5139.H4995$bJ3 2001
=084  \\$a929.423$2njb/9
=130  0\$aHikayat Raja-Raja Pasai.$lJapanese.
=245  10$6880-01$aPasai Ōkoku monogatari :$bsaiko no Marē rekishi bungaku /$cNomura Tōru yakuchū.
=250  \\$6880-02$aShohan.
=260  \\$6880-03$aTōkyō :$bHeibonsha,$c2001.
=300  \\$a1 online resource (349 pages) :$billustrations, map.
=336  \\$atext$btxt$2rdacontent
=337  \\$acomputer$bc$2rdamedia
=338  \\$aonline resource$bcr$2rdacarrier
=490  1\$6880-04$aTōyō bunko ;$v690
=504  \\$aIncludes bibliographical references (pages 336-347).
=588  0\$aPrint version record.
=700  1\$6880-05$aNomura, Tōru,$d1952-
=773  0\$tJapanKnowledge
=776  08$iPrint version:$tPasai Ōkoku monogatari.$bShohan.$dTōkyō : Heibonsha, 2001$z4582806902
=830  \0$6880-06$aTōyō bunko$v690.
=856  40$3JapanKnowledge$uhttp://japanknowledge.com/lib/display/?lid=80010V0690P0002$yJapanKnowledge Lib
=880  10$6245-01/{dollar}1$aパサイ王国物語 :$b最古のマレ-歴史文学 /$c野村亨訳注.
=880  \\$6250-02/{dollar}1$a初版.
=880  \\$6260-03/{dollar}1$a東京 :$b平凡社,$c2001.
=880  1\$6490-04/{dollar}1$a東洋文庫 ;$v690
=880  1\$6700-05/{dollar}1$a野村亨,$d1952-
=880  \0$6830-06/{dollar}1$a東洋文庫 ;$v690.
=859  \\$aORR$bJapanKnowledge
=CAT  \\$aW1704-1242$b00$c20170509$lBLL01$h0927
=CAT  \\$aBATCH-UPD$b00$c20170509$lBLL01$h0928
=CAT  \\$aBATCH-UPD$b00$c20170509$lBLL01$h0938
=CAT  \\$aW2003-0365$c20200305$lBLL01$h1101
=FIN  \\$aY$d20170509
=SID  \\$aZ30$bOCLC
=SRC  \\$aJapanKnowledge_2017$bJK_OCLC20170203.mrc
=LAS  \\$aW2003-0365$b00$c20200305$lBLL01$h1101

