=LDR  02052 am a22005534i 4500
=001  018337759
=003  Uk
=005  20170106042801.0
=006  m\\\\\o\\d\\\\\\\\
=007  cr\|||||||||||
=008  151214s1993\\\\ja\\\\\\o\\\\\000\0\jpn\d
=FMT  \\$a  BK
=020  \\$z4560057397
=020  \\$z9784560057391
=035  \\$a(OCoLC)932129343
=040  \\$aCNEAL$beng$cYUS$dOCLCO$dOCLCF$dUk$erda$epn
=041  1\$ajpn$hfre
=050  \4$aBF1552$b.C37165 1993
=100  1\$aCastellan, Yvonne,$eauthor.
=240  10$aSpiritisme.$lJapanese
=245  10$6880-01$aShinrei shugi :$breikai no mekanizumu /$cIvonnu Kasuteran [cho] ; Tanaka Yoshihiro yaku.
=264  \1$6880-02$aTōkyō :$bHakusuisha,$c1993.
=300  \\$a1 online resource.
=336  \\$atext$btxt$2rdacontent
=337  \\$acomputer$bc$2rdamedia
=338  \\$aonline resource$bcr$2rdacarrier
=490  1\$6880-03$aBunko kuseju ;$v739
=500  \\$aTranslation of: Le spiritisme.
=588  \\$aDescription based on print version.
=650  \0$aSpiritualism.
=650  \7$aSpiritualism.$2fast$0(OCoLC)fst01130170
=700  1\$6880-04$aTanaka, Yoshihiro,$d1950-
=773  0\$tJapanKnowledge
=776  08$iPrint version:$tShinrei shugi.
=830  \0$6880-05$aBunko kuseju$v739.
=856  40$3JapanKnowledge$uhttp://japanknowledge.com/lib/display/?lid=8021007390000$yJapanKnowledge Lib
=880  10$6245-01/{dollar}1$a心霊主義 :$b霊界のメカニズム /$cイヴォンヌ・カステラン [著] ; 田中義広訳.
=880  \1$6264-02/{dollar}1$a東京 :$b白水社,$c1993.
=880  1\$6490-03/{dollar}1$a文庫クセジュ ;$v739
=880  1\$6700-04/{dollar}1$a田中義広,$d1950-
=880  \0$6830-05/{dollar}1$a文庫クセジュ ;$v739.
=859  \\$aORR$bJapanKnowledge
=CAT  \\$aW1704-1242$b00$c20170509$lBLL01$h0927
=CAT  \\$aBATCH-UPD$b00$c20170509$lBLL01$h0928
=CAT  \\$aW2003-0365$c20200305$lBLL01$h1101
=FIN  \\$aY$d20170509
=SID  \\$aZ30$bOCLC
=SRC  \\$aJapanKnowledge_2017$bJK_OCLC20170203.mrc
=LAS  \\$aW2003-0365$b00$c20200305$lBLL01$h1101

