=LDR  02869 am a22007217a 4500
=001  018337760
=003  Uk
=005  20170106042801.0
=006  m\\\\\o\\d\\\\\\\\
=008  111008s1994\\\\ja\ab\\\ob\\\\001\1\jpn\d
=FMT  \\$a  BK
=019  \\$a659500056$a928950560
=020  \\$z4096580457$q(v. 1)
=020  \\$z9784096580455$q(v. 1)
=020  \\$z4096580465$q(v. 2)
=020  \\$z9784096580462$q(v. 2)
=035  \\$a(OCoLC)756419162$z(OCoLC)659500056$z(OCoLC)928950560
=040  \\$aOCLCE$beng$cOCLCE$dOCLCQ$dOCLCO$dOCLCF$dYUS$dOCL$dOCLCQ$dYUS$dOCLCO$dUk$epn
=042  \\$adlr
=043  \\$aa-ja---
=050  \4$aPL790$b.H4 1994
=082  04$a895.608$bS556, 1994, v. 45-46
=245  00$6880-01$aHeike monogatari /$ckōchū, yaku Ichiko Teiji.
=250  \\$6880-02$aDai 1-han.
=260  \\$6880-03$aTōkyō :$bShōgakkan,$c1994.
=300  \\$a1 online resource (2 volumes) :$billustrations (some color), maps.
=336  \\$atext$btxt$2rdacontent
=337  \\$acomputer$bc$2rdamedia
=338  \\$aonline resource$bcr$2rdacarrier
=490  1\$6880-04$aShinpen Nihon koten bungaku zenshū ;$v45-46
=504  \\$aIncludes bibliographical references and indexes.
=588  0\$aPrint version record.
=600  30$aTaira family$vFiction.
=600  37$aTaira family.$2fast$0(OCoLC)fst00220258
=611  27$aGempei Wars (Japan : 1180-1185)$2fast$0(OCoLC)fst01353158
=648  \7$a1180-1185$2fast
=651  \0$aJapan$xHistory$yGempei Wars, 1180-1185$vFiction.
=651  \7$aJapan.$2fast$0(OCoLC)fst01204082
=655  \7$aFiction.$2fast$0(OCoLC)fst01423787
=655  \7$aHistory.$2fast$0(OCoLC)fst01411628
=700  1\$6880-05$aIchiko, Teiji,$d1911-2004
=773  0\$tJapanKnowledge
=776  08$iPrint version:$tHeike monogatari.$bDai 1-han.$dTōkyō : Shōgakkan, 1994
=830  \0$6880-06$aShinpen Nihon koten bungaku zenshū$v45-46.
=856  40$3JapanKnowledge$uhttp://japanknowledge.com/lib/display/?lid=80110V00450015$yJapanKnowledge Lib
=880  0\$6130-00/{dollar}1$a平家物語.
=880  10$6245-01/{dollar}1$a平家物語 /$c校注·訳市古貞次.
=880  \\$6250-02/{dollar}1$a第 1版.
=880  \\$6260-03/{dollar}1$a東京 :$b小学館,$c1994.
=880  \1$6264-00/{dollar}1$a東京 :$b小学館,$c1994.
=880  1\$6490-04/{dollar}1$a新編日本古典文学全集 ;$v45-46
=880  04$6630-00/{dollar}1$a平家物語.
=880  1\$6700-05/{dollar}1$a市古貞次,$d1911-
=880  \0$6830-06/{dollar}1$a新編日本古典文学全集 ;$v45-46.
=859  \\$aORR$bJapanKnowledge
=CAT  \\$aW1704-1242$b00$c20170509$lBLL01$h0927
=CAT  \\$aBATCH-UPD$b00$c20170509$lBLL01$h0928
=CAT  \\$aW2003-0365$c20200305$lBLL01$h1101
=CAT  \\$aBATCH-UPD$b00$c20200918$lBLL01$h2045
=FIN  \\$aY$d20170509
=SID  \\$aZ30$bOCLC
=SRC  \\$aJapanKnowledge_2017$bJK_OCLC20170203.mrc
=LAS  \\$aBATCH-UPD$b00$c20200918$lBLL01$h2045

