=LDR  02222 am a22005417a 4500
=001  018337761
=003  Uk
=005  20170106042802.0
=006  m\\\\\o\\d\\\\\\\\
=007  cr\un|||||||||
=008  090109s1971\\\\ja\acf\\o\\\\\000\0\jpn\d
=FMT  \\$a  BK
=019  \\$a645392185
=035  \\$a(OCoLC)298047610$z(OCoLC)645392185
=040  \\$aOCLCE$beng$cOCLCE$dOCL$dOCLCA$dCUS$dOCLCQ$dOCLCA$dOCLCQ$dOCLCO$dOCLCQ$dOCLCA$dYUS$dOCLCO$dYUS$dOCLCO$dOCLCQ$dYUS$dOCLCO$dUk$epn
=042  \\$adlr
=050  \4$aPK6501$b.H4126 1971
=100  0\$aNiẓāmī Ganjavī,$d1140 or 1141-1202 or 1203.
=240  10$aHaft paykar.$lJapanese
=245  10$6880-01$aShichi ōhi monogatari /$cNizāmi [cho] ; Kuroyanagi Tsuneo yaku.
=250  \\$6880-02$aShohan.
=260  \\$6880-03$aTōkyō :$bHeibonsha,$c1971.
=300  \\$a1 online resource (4, 304 pages, [2] pages of plates) :$billustrations, portrait.
=336  \\$atext$btxt$2rdacontent
=337  \\$acomputer$bc$2rdamedia
=338  \\$aonline resource$bcr$2rdacarrier
=490  1\$6880-04$aTōyō bunko ;$v191
=588  0\$aPrint version record.
=700  1\$6880-05$aKuroyanagi, Tsuneo,$d1925-2014
=773  0\$tJapanKnowledge
=776  08$iPrint version:$aNiẓāmī Ganjavī, 1140 or 41-1202 or 3.$sHaft paykar. Japanese.$tShichi ōhi monogatari.$dTōkyō : Heibonsha, 1971
=830  \0$6880-06$aTōyō bunko$v191.
=856  40$3JapanKnowledge$uhttp://japanknowledge.com/lib/display/?lid=80010V0191P0003$yJapanKnowledge Lib
=880  10$6245-01/{dollar}1$a七王妃物語 /$cニザーミー[著] ; 黒柳恒男訳.
=880  \\$6250-02/{dollar}1$a初版.
=880  \\$6260-03/{dollar}1$a東京 :$b平凡社,$c1971.
=880  1\$6490-04/{dollar}1$a東洋文庫 ;$v191
=880  1\$6700-05/{dollar}1$a黒柳恒男,$d1925-
=880  \0$6830-06/{dollar}1$a東洋文庫 ;$v191.
=859  \\$aORR$bJapanKnowledge
=CAT  \\$aW1704-1242$b00$c20170509$lBLL01$h0927
=CAT  \\$aBATCH-UPD$b00$c20170509$lBLL01$h0928
=CAT  \\$aBATCH-UPD$b00$c20170509$lBLL01$h0938
=CAT  \\$aW2003-0365$c20200305$lBLL01$h1101
=FIN  \\$aY$d20170509
=SID  \\$aZ30$bOCLC
=SRC  \\$aJapanKnowledge_2017$bJK_OCLC20170203.mrc
=LAS  \\$aW2003-0365$b00$c20200305$lBLL01$h1101

