=LDR  02642 am a22006017a 4500
=001  018337762
=003  Uk
=005  20170106042802.0
=006  m\\\\\o\\d\\\\\\\\
=007  cr\|||||||||||
=008  110204s1964\\\\ja\abcf\o\\\\\000\0\jpn\d
=FMT  \\$a  BK
=035  \\$a(OCoLC)700650061
=040  \\$aOCLCE$beng$cOCLCE$dCUS$dOCLCQ$dOCLCA$dOCLCF$dOCLCO$dYUS$dOCLCO$dOCLCQ$dYUS$dOCLCO$dOCLCQ$dOCLCO$dYUS$dOCLCO$dUk$epn
=042  \\$adlr
=043  \\$aa-ja---
=050  \4$aDS895.T58$bF85 <Asian Japan>
=100  1\$6880-01$aFurukawa, Koshōken,$d1725 or 1726-1807
=245  10$6880-02$aTōyū zakki :$bŌu Matsumae junken shiki : [12-kan] /$cFurukawa Koshōken [cho] ; Ōtō Tokihiko kaisetsu.
=260  \\$6880-03$aTōkyō :$bHeibonsha,$cShōwa 39 [1964]$g(1977 printing)
=300  \\$a1 online resource (5, 305 pages, [1] leaf of plates) :$billustrations, maps, portrait.
=336  \\$atext$btxt$2rdacontent
=337  \\$acomputer$bc$2rdamedia
=338  \\$aonline resource$bcr$2rdacarrier
=490  1\$6880-04$aTōyō bunko ;$v27
=588  0\$aPrint version record.
=650  \0$aAinu.
=650  \7$aAinu.$2fast$0(OCoLC)fst00802026
=650  \7$aTravel.$2fast$0(OCoLC)fst01155558
=651  \0$aHokkaido (Japan)$xDescription and travel.
=651  \0$aTōhoku Region (Japan)$xDescription and travel.
=651  \7$aJapan$zHokkaido.$2fast$0(OCoLC)fst01209090
=651  \7$aJapan$zTōhoku Region.$2fast$0(OCoLC)fst01240193
=700  1\$6880-05$aŌtō, Tokihiko,$d1902-1990
=773  0\$tJapanKnowledge
=776  08$iPrint version:$aFurukawa, Koshōken, 1725 or 6-1807.$tTōyū zakki.$dTōkyō : Heibonsha, Shōwa 39 [1964]
=830  \0$6880-06$aTōyō bunko$v27.
=856  40$3JapanKnowledge$uhttp://japanknowledge.com/lib/display/?lid=80010V0027P0002$yJapanKnowledge Lib
=880  1\$6100-01/{dollar}1$a古川古松軒,$d1725 or 1726-1807.
=880  10$6245-02/{dollar}1$a東遊雑記 :$b奥羽・松前巡見私記 : [12卷] /$c古川古松軒[著] ; 大藤時彥解說.
=880  \\$6260-03/{dollar}1$a東京 :$b平凡社,$c昭和39 [1964]$g(1977 printing)
=880  1\$6490-04/{dollar}1$a東洋文庫 ;$v27
=880  1\$6700-05/{dollar}1$a大藤時彥,$d1902-1990.
=880  \0$6830-06/{dollar}1$a東洋文庫 ;$v27.
=859  \\$aORR$bJapanKnowledge
=CAT  \\$aW1704-1242$b00$c20170509$lBLL01$h0927
=CAT  \\$aBATCH-UPD$b00$c20170509$lBLL01$h0928
=CAT  \\$aBATCH-UPD$b00$c20170509$lBLL01$h0938
=CAT  \\$aW2003-0365$c20200305$lBLL01$h1101
=FIN  \\$aY$d20170509
=SID  \\$aZ30$bOCLC
=SRC  \\$aJapanKnowledge_2017$bJK_OCLC20170203.mrc
=LAS  \\$aW2003-0365$b00$c20200305$lBLL01$h1101

