=LDR  02511 am a22006497a 4500
=001  018337763
=003  Uk
=005  20170106042802.0
=006  m\\\\\o\\d\\\\\\\\
=007  cr\|||||||||||
=008  100418s1989\\\\ja\\\\\\ob\\\\000\0\jpn\d
=FMT  \\$a  BK
=020  \\$z4582805035
=020  \\$z9784582805031
=035  \\$a(OCoLC)607841634
=040  \\$aOCLCE$beng$cOCLCE$dOCLCQ$dCUS$dOCLCQ$dOCLCF$dOCL$dYUS$dOCLCO$dYUS$dOCLCO$dOCLCQ$dYUS$dOCLCO$dUk$epn
=043  \\$aa-ja---
=050  \4$aDS835$b.I93 1989
=100  1\$6880-01$aIzawa, Banryō,$d1668-1730
=245  10$6880-02$aKōeki zokusetsu ben /$cIzawa Banryō ; Shiraishi Yoshio kōtei.
=250  \\$6880-03$aShohan.
=260  \\$6880-04$aTōkyō :$bHeibonsha,$c1989.
=300  \\$a1 online resource (xvi, 378 pages).
=336  \\$atext$btxt$2rdacontent
=337  \\$acomputer$bc$2rdamedia
=338  \\$aonline resource$bcr$2rdacarrier
=490  1\$6880-05$aTōyō bunko ;$v503
=504  \\$aIncludes bibliographical references.
=588  0\$aPrint version record.
=648  \7$aTo 1868$2fast
=651  \0$aJapan$xHistory$yTo 1868$vAnecdotes.
=651  \0$aJapan$xHistory$yTo 1868$vMiscellanea.
=651  \7$aJapan.$2fast$0(OCoLC)fst01204082
=655  \7$aAnecdotes.$2fast$0(OCoLC)fst01423876
=655  \7$aHistory$2fast$0(OCoLC)fst01411628
=655  \7$aMiscellanea.$2fast$0(OCoLC)fst01423854
=700  1\$6880-06$aShiraishi, Yoshio,$d1948-
=773  0\$tJapanKnowledge
=776  08$iPrint version:$aIzawa, Banryō, 1668-1730.$tKōeki zokusetsu ben.$bShohan.$dTōkyō : Heibonsha, 1989
=830  \0$6880-07$aTōyō bunko$v503.
=856  40$3JapanKnowledge$uhttp://japanknowledge.com/lib/display/?lid=80010V0503P0002$yJapanKnowledge Lib
=880  1\$6100-01/{dollar}1$a井沢蟠竜,$d1668-1730.
=880  10$6245-02/{dollar}1$a広益俗說弁 /$c井沢蟠竜 ; 白石良夫校訂.
=880  \\$6250-03/{dollar}1$a初版.
=880  \\$6260-04/{dollar}1$a東京 :$b平凡社,$c1989.
=880  1\$6490-05/{dollar}1$a東洋文庫 ;$v503
=880  1\$6700-06/{dollar}1$a白石良夫,$d1948-
=880  \0$6830-07/{dollar}1$a東洋文庫 ;$v503.
=859  \\$aORR$bJapanKnowledge
=CAT  \\$aW1704-1242$b00$c20170509$lBLL01$h0927
=CAT  \\$aBATCH-UPD$b00$c20170509$lBLL01$h0928
=CAT  \\$aBATCH-UPD$b00$c20170509$lBLL01$h0938
=CAT  \\$aW2003-0365$c20200305$lBLL01$h1101
=FIN  \\$aY$d20170509
=SID  \\$aZ30$bOCLC
=SRC  \\$aJapanKnowledge_2017$bJK_OCLC20170203.mrc
=LAS  \\$aW2003-0365$b00$c20200305$lBLL01$h1101

