=LDR  03065 am a22007217i 4500
=001  018337764
=003  Uk
=005  20170106042803.0
=006  m\\\\\o\\d\\\\\\\\
=007  cr\|||||||||||
=008  100406m19661967ja\b\\\\o\\\\\001\0\jpn\d
=FMT  \\$a  BK
=019  \\$a300521845
=035  \\$a(OCoLC)602940692$z(OCoLC)300521845
=040  \\$aOCLCE$beng$cOCLCE$dOCLCQ$dOCLCA$dCUS$dOCLCQ$dOCLCA$dOCLCQ$dOCLCO$dOCLCQ$dOCLCF$dOCLCO$dYUS$dOCLCO$dYUS$dOCLCO$dOCL$dOCLCQ$dYUS$dOCLCO$dUk$epn
=041  1\$ajpn$hchi
=042  \\$adlr
=043  \\$aa-cc---
=050  \4$aDS747.2$b.C316 1966
=130  0\$6880-01$aZhan guo ce.$lJapanese.
=245  00$6880-02$aSengokusaku /$cRyū Kyō hen ; Tsuneishi Shigeru yaku.
=250  \\$6880-03$aShohan.
=260  \\$6880-04$aTōkyō :$bHeibonsha,$cShōwa 41-42 [1966-1967]
=300  \\$a1 online resource (3 volumes) :$bmaps.
=336  \\$atext$btxt$2rdacontent
=337  \\$acomputer$bc$2rdamedia
=338  \\$aonline resource$bcr$2rdacarrier
=490  1\$6880-05$aTōyō bunko ;$v64, 74, 86
=500  \\$aIncludes index.
=588  0\$aPrint version record.
=611  27$aWarring States (China : 403-221 B.C.)$2fast$0(OCoLC)fst01355302
=648  \7$a403-221 B.C$2fast
=651  \0$aChina$xHistory$yWarring States, 403-221 B.C.$vAnecdotes.
=651  \0$aChina$xHistory$yWarring States, 403-221 B.C.$xSources.
=651  \7$aChina.$2fast$0(OCoLC)fst01206073
=655  \7$aAnecdotes.$2fast$0(OCoLC)fst01423876
=655  \7$aHistory.$2fast$0(OCoLC)fst01411628
=655  \7$aSources.$2fast$0(OCoLC)fst01423900
=700  1\$6880-06$aLiu, Xiang,$d77 B.C.-6 B.C.
=700  1\$6880-07$aTsuneishi, Shigeru,$d1915-
=773  0\$tJapanKnowledge
=776  08$iPrint version:$aZhan guo ce. Japanese.$tSengokusaku.$dTōkyō : Heibonsha, Shōwa 41-42 [1966-1967]
=830  \0$6880-08$aTōyō bunko$v64, 74, 86.
=856  40$3JapanKnowledge Volume 1$uhttp://japanknowledge.com/lib/display/?lid=80010V0064P0002$yJapanKnowledge Lib
=856  40$3JapanKnowledge Volume 2$uhttp://japanknowledge.com/lib/display/?lid=80010V0074P0002$yJapanKnowledge Lib
=856  40$3JapanKnowledge Volume 3$uhttp://japanknowledge.com/lib/display/?lid=80010V0086P0002$yJapanKnowledge Lib
=880  0\$6130-01/{dollar}1$a戦国策.$lJapanese.
=880  00$6245-02/{dollar}1$a戦国策 /$c劉向編 ; 常石茂訳.
=880  \\$6250-03/{dollar}1$a初版.
=880  \\$6260-04/{dollar}1$a東京 :$b平凡社,$c昭和41-42 [1966-1967]
=880  1\$6490-05/{dollar}1$a東洋文庫 ;$v64, 74, 86
=880  1\$6700-06/{dollar}1$a劉向,$d77?-6? B.C.
=880  1\$6700-07/{dollar}1$a常石茂,$d1915-
=880  \0$6830-08/{dollar}1$a東洋文庫 ;$v64, 74, 86.
=859  \\$aORR$bJapanKnowledge
=CAT  \\$aW1704-1242$b00$c20170509$lBLL01$h0927
=CAT  \\$aBATCH-UPD$b00$c20170509$lBLL01$h0928
=CAT  \\$aBATCH-UPD$b00$c20170509$lBLL01$h0938
=CAT  \\$aW2003-0365$c20200305$lBLL01$h1101
=FIN  \\$aY$d20170509
=SID  \\$aZ30$bOCLC
=SRC  \\$aJapanKnowledge_2017$bJK_OCLC20170203.mrc
=LAS  \\$aW2003-0365$b00$c20200305$lBLL01$h1101

