=LDR  02988 am a22006977a 4500
=001  018337765
=003  Uk
=005  20170106042803.0
=006  m\\\\\o\\d\\\\\\\\
=007  cr\|||||||||||
=008  100420m19731974ja\c\\\\ob\\\\001\0\jpn\d
=FMT  \\$a  BK
=019  \\$a297454509
=020  \\$z4582802532$q(v. 2)
=020  \\$z9784582802535$q(v. 2)
=035  \\$a(OCoLC)608386661$z(OCoLC)297454509
=040  \\$aOCLCE$beng$cOCLCE$dOCLCQ$dCUS$dOCLCQ$dOCLCO$dOCLCQ$dOCLCF$dYUS$dOCLCO$dYUS$dOCLCO$dOCLCQ$dYUS$dOCLCO$dOCLCA$dUk$epn
=042  \\$adlr
=043  \\$aa-ja---
=050  \4$aBL2226$b.T323
=100  1\$6880-01$aTakagi, Toshio,$d1876-1922
=245  10$6880-02$aZōtei Nihon shinwa densetsu no kenkyū /$cTakagi Toshio ; Ōbayashi Taryō hen.
=246  30$6880-03$aNihon shinwa densetsu no kenkyū
=250  \\$6880-04$aShohan.
=260  \\$6880-05$aTōkyō :$bHeibonsha,$cShōwa 48-49 [1973-1974]$g(1988 printing)
=300  \\$a1 online resource (2 volumes) :$bportraits.
=336  \\$atext$btxt$2rdacontent
=337  \\$acomputer$bc$2rdamedia
=338  \\$aonline resource$bcr$2rdacarrier
=490  1\$6880-06$aTōyō bunko ;$v241, 253
=500  \\$aIncludes index.
=504  \\$aIncludes bibliographical references (pages 395-397 in v. 1; p. 444-445 in v. 2).
=588  0\$aPrint version record.
=650  \0$aLegends$zJapan.
=650  \0$aMythology, Japanese.
=650  \7$aLegends.$2fast$0(OCoLC)fst00995592
=650  \7$aMythology, Japanese.$2fast$0(OCoLC)fst01031838
=651  \7$aJapan.$2fast$0(OCoLC)fst01204082
=700  1\$6880-07$aŌbayashi, Taryō,$d1929-2001
=773  0\$tJapanKnowledge
=776  08$iPrint version:$aTakagi, Toshio, 1876-1922.$tZōtei Nihon shinwa densetsu no kenkyū.$bShohan.$dTōkyō : Heibonsha, Shōwa 48-49 [1973-1974]
=830  \0$6880-08$aTōyō bunko$v241, 253.
=856  40$3JapanKnowledge Volume 1$uhttp://japanknowledge.com/lib/display/?lid=80010V0241P0002$yJapanKnowledge Lib
=856  40$3JapanKnowledge Volume 2$uhttp://japanknowledge.com/lib/display/?lid=80010V0253P0002$yJapanKnowledge Lib
=880  1\$6100-01/{dollar}1$a高木敏雄,$d1876-1922.
=880  10$6245-02/{dollar}1$a増訂日本神話伝說の硏究 /$c高木敏雄 ; 大林太良編.
=880  30$6246-03/{dollar}1$a日本神話伝說の硏究
=880  \\$6250-04/{dollar}1$a初版.
=880  \\$6260-05/{dollar}1$a東京 :$b平凡社,$c昭和48-49 [1973-1974]$g(1988 printing)
=880  1\$6490-06/{dollar}1$a東洋文庫 ;$v241, 253
=880  1\$6700-07/{dollar}1$a大林太良,$d1929-
=880  \0$6830-08/{dollar}1$a東洋文庫 ;$v241, 253.
=859  \\$aORR$bJapanKnowledge
=CAT  \\$aW1704-1242$b00$c20170509$lBLL01$h0927
=CAT  \\$aBATCH-UPD$b00$c20170509$lBLL01$h0928
=CAT  \\$aBATCH-UPD$b00$c20170509$lBLL01$h0938
=CAT  \\$aW2003-0365$c20200305$lBLL01$h1101
=FIN  \\$aY$d20170509
=SID  \\$aZ30$bOCLC
=SRC  \\$aJapanKnowledge_2017$bJK_OCLC20170203.mrc
=LAS  \\$aW2003-0365$b00$c20200305$lBLL01$h1101

