=LDR  03178 am a22007817a 4500
=001  018337766
=003  Uk
=005  20170106042803.0
=006  m\\\\\o\\d\\\\\\\\
=007  cr\|||||||||||
=008  110925m19951998ja\ab\\\ob\\\\000\1\jpn\d
=FMT  \\$a  BK
=019  \\$a928950489
=020  \\$z4096580546$q(v. 1)
=020  \\$z9784096580547$q(v. 1)
=020  \\$z4096580554$q(v. 2)
=020  \\$z9784096580554$q(v. 2)
=020  \\$z4096580562$q(v. 3)
=020  \\$z9784096580561$q(v. 3)
=020  \\$z4096580570$q(v. 4)
=020  \\$z9784096580578$q(v. 4)
=035  \\$a(OCoLC)754568755$z(OCoLC)928950489
=040  \\$aOCLCE$beng$cOCLCE$dOCLCQ$dOCLCO$dOCLCQ$dOCLCF$dOCL$dYUS$dOCLCO$dOCL$dOCLCQ$dYUS$dOCLCO$dUk$epn
=043  \\$aa-ja---
=050  \4$aPL790$b.T3 1995
=245  00$6880-01$aTaiheiki /$ckōchū yaku Hasegawa Tadashi.
=250  \\$6880-02$aDai 1-han.
=260  \\$6880-03$aTōkyō :$bShōgakkan,$c1995-1998.
=300  \\$a1 online resource (4 volumes) :$billustrations, maps.
=336  \\$atext$btxt$2rdacontent
=337  \\$acomputer$bc$2rdamedia
=338  \\$aonline resource$bcr$2rdacarrier
=490  1\$6880-04$aShinpen Nihon koten bungaku zenshū ;$v54-57
=504  \\$aIncludes bibliographical references.
=588  0\$aPrint version record.
=600  00$6880-05$aGodaigo,$cEmperor of Japan,$d1288-1339$vFiction.
=600  07$aGodaigo,$cEmperor of Japan,$d1288-1339$2fast$0(OCoLC)fst00052841
=648  \7$a1336-1392$2fast
=651  \0$aJapan$xHistory$yPeriod of northern and southern courts, 1336-1392$vFiction.
=651  \7$aJapan.$2fast$0(OCoLC)fst01204082
=655  \7$aHistory$2fast$0(OCoLC)fst01411628
=655  \7$aFiction.$2fast$0(OCoLC)fst01423787
=700  1\$6880-06$aHasegawa, Tadashi,$d1934-
=773  0\$tJapanKnowledge
=776  08$iPrint version:$tTaiheiki.$bDai 1-han.$dTōkyō : Shōgakkan, 1995-1998
=830  \0$6880-07$aShinpen Nihon koten bungaku zenshū$v54-57.
=856  40$3JapanKnowledge$uhttp://japanknowledge.com/lib/display/?lid=80110V00540015$yJapanKnowledge Lib
=880  00$6245-01/{dollar}1$a太平記 /$c校注・訳長谷川端.
=880  \\$6250-02/{dollar}1$a第1版.
=880  \\$6260-03/{dollar}1$a東京 :$b小学館,$c1995-1998.
=880  \1$6264-00/{dollar}1$a東京 :$b小学館,$c1995-1998.
=880  1\$6490-00/{dollar}1$a新編日本古典文学全集 ;$v54-
=880  1\$6490-04/{dollar}1$a新編日本古典文学全集 ;$v54-57
=880  04$6600-05/{dollar}1$a後醍醐,$cEmperor of Japan,$d1288-1339$vFiction.
=880  04$6630-00/{dollar}1$a太平記.
=880  1\$6700-06/{dollar}1$a長谷川端,$d1934-
=880  \0$6830-00/{dollar}1$a新編日本古典文学全集 ;$v54, etc.
=880  \0$6830-07/{dollar}1$a新編日本古典文学全集 ;$v54-57.
=859  \\$aORR$bJapanKnowledge
=CAT  \\$aW1704-1242$b00$c20170509$lBLL01$h0927
=CAT  \\$aBATCH-UPD$b00$c20170509$lBLL01$h0928
=CAT  \\$aBATCH-UPD$b00$c20170509$lBLL01$h0938
=CAT  \\$aW2003-0365$c20200305$lBLL01$h1101
=CAT  \\$aBATCH-UPD$b00$c20200918$lBLL01$h2045
=FIN  \\$aY$d20170509
=SID  \\$aZ30$bOCLC
=SRC  \\$aJapanKnowledge_2017$bJK_OCLC20170203.mrc
=LAS  \\$aBATCH-UPD$b00$c20200918$lBLL01$h2045

