=LDR  02771 am a22006857i 4500
=001  018337767
=003  Uk
=005  20170106042804.0
=006  m\\\\\o\\d\\\\\\\\
=007  cr\|||||||||||
=008  100628s1980\\\\ja\\\\\\ob\\\\000\0\jpn\d
=FMT  \\$a  BK
=019  \\$a301053528
=035  \\$a(OCoLC)644830731$z(OCoLC)301053528
=040  \\$aOCLCE$beng$cOCLCE$dCUS$dOCLCQ$dOCLCA$dOCLCQ$dOCLCF$dOCLCO$dYUS$dOCLCO$dYUS$dOCLCO$dOCLCQ$dYUS$dOCLCO$dUk$epn
=042  \\$adlr
=043  \\$aa-cc---
=050  \4$aBV3413.J44213 1980
=084  \\$a198.2222$2njb/9
=110  2\$aJesuits.
=240  10$aLettres édifiantes et curieuses.$kSelections.$lJapanese
=245  10$6880-01$aChūgoku no fukyō to hakugai :$bIezusukaishi shokanshū /$cYazawa Toshihiko hen'yaku.
=250  \\$6880-02$aShohan.
=260  \\$6880-03$aTōkyō :$bHeibonsha,$c1980.
=300  \\$a1 online resource (xii, 379 pages).
=336  \\$atext$btxt$2rdacontent
=337  \\$acomputer$bc$2rdamedia
=338  \\$aonline resource$bcr$2rdacarrier
=490  1\$6880-04$aTōyō bunko ;$v370
=504  \\$aIncludes bibliographical references.
=588  0\$aPrint version record.
=610  20$aJesuits$xMissions.
=610  27$aJesuits$2fast$0(OCoLC)fst00532143
=650  \0$aMissions$zChina.
=650  \7$aMissions.$2fast$0(OCoLC)fst01023771
=650  07$6880-05$aKatorikkukyō-Chūgoku.$2jlabsh/4
=651  \7$aChina.$2fast$0(OCoLC)fst01206073
=653  \\$6880-06$aKatorikkukyōkai$aChūgoku$aRekishi.
=700  1\$6880-07$aYazawa, Toshihiko,$d1914-
=773  0\$tJapanKnowledge
=776  08$iPrint version:$aJesuits.$sLettres édifiantes et curieuses. Japanese. Selections.$tChūgoku no fukyō to hakugai.$dTōkyō : Heibonsha, 1980
=830  \0$6880-08$aTōyō bunko$v370.
=856  40$3JapanKnowledge$uhttp://japanknowledge.com/lib/display/?lid=80010V0370P0002$yJapanKnowledge Lib
=880  10$6245-01/{dollar}1$a中国の布教と迫害 :$bイエズス会士書簡集 /$c矢沢利彥編訳.
=880  \\$6250-02/{dollar}1$a初版.
=880  \\$6260-03/{dollar}1$a東京 :$b平凡社,$c1980.
=880  1\$6490-04/{dollar}1$a東洋文庫 ;$v370
=880  07$6650-05/{dollar}1$aカトリック教-中国.$2jlabsh/4
=880  \\$6653-06/{dollar}1$aカトリック敎会$a中国$a歴史.
=880  1\$6700-07/{dollar}1$a矢沢利彥,$d1914-
=880  \0$6830-08/{dollar}1$a東洋文庫 ;$v370.
=859  \\$aORR$bJapanKnowledge
=CAT  \\$aW1704-1242$b00$c20170509$lBLL01$h0927
=CAT  \\$aBATCH-UPD$b00$c20170509$lBLL01$h0928
=CAT  \\$aBATCH-UPD$b00$c20170509$lBLL01$h0938
=CAT  \\$aW2003-0365$c20200305$lBLL01$h1101
=FIN  \\$aY$d20170509
=SID  \\$aZ30$bOCLC
=SRC  \\$aJapanKnowledge_2017$bJK_OCLC20170203.mrc
=LAS  \\$aW2003-0365$b00$c20200305$lBLL01$h1101

