=LDR  02410 am a22006014i 4500
=001  018337768
=003  Uk
=005  20170106042804.0
=006  m\\\\\o\\d\\\\\\\\
=007  cr\|||||||||||
=008  151112s1974\\\\ja\\\\\\o\\\\\000\0bjpn\d
=FMT  \\$a  BK
=035  \\$a(OCoLC)928950686
=040  \\$aYUS$beng$cYUS$dOCLCO$dYUS$dOCLCO$dUk$erda$epn
=041  1\$ajpn$hfre
=043  \\$ae-it---
=050  \4$aDG571$b.G94163 1974
=100  10$aGuichonnet, Paul,$eauthor,$eauthor.
=240  10$aMussolini et le fascisme.$lJapanese
=245  10$6880-01$aMussorīni to fashizumu =$bMussolini et le fascisme /$cPōru Gishone cho ; Hasegawa Kimiaki yaku.
=246  11$aMussolini et le fascisme
=264  \1$6880-02$aTōkyō :$bHakusuisha,$c1974.
=300  \\$a1 online resource.
=336  \\$atext$btxt$2rdacontent
=337  \\$acomputer$bc$2rdamedia
=338  \\$aonline resource$bcr$2rdacarrier
=490  1\$6880-03$aBunko kuseju ;$v566
=500  \\$aTranslation of: Mussolini et le fascisme / par Paul Guichonnet. Que sais-je? ; No 1225.
=588  \\$aDescription based on print version.
=600  10$aMussolini, Benito,$d1883-1945.
=600  17$aMussolini, Benito,$d1883-1945$2fast$0(OCoLC)fst00029092
=650  \0$aFascism$zItaly.
=650  \7$aFascism.$2fast$0(OCoLC)fst00921551
=651  \7$aItaly.$2fast$0(OCoLC)fst01204565
=700  1\$6880-06,$aHasegawa, Kimiaki,$d1929-$etranslator.
=773  0\$tJapanKnowledge
=776  08$iPrint version:$tMussorīni to fashizumu
=830  \0$6880-07$aBunko kuseju$v566.
=856  40$3JapanKnowledge$uhttp://japanknowledge.com/lib/display/?lid=8021005660000$yJapanKnowledge Lib
=880  10$6245-01$aムッソリーニとファシズム =$bMussolini et le fascisme /$cポール・ギショネ著 ; 長谷川公昭訳.
=880  \1$6264-02$a東京 :$b白水社,$c1974.
=880  1\$6490-03$a文庫クセジュ ;$v566
=880  1\$6700-06$a長谷川公昭,$d1929-$etranslator.
=880  \0$6830-07$a文庫クセジュ ;$v566.
=859  \\$aORR$bJapanKnowledge
=CAT  \\$aW1704-1242$b00$c20170509$lBLL01$h0927
=CAT  \\$aBATCH-UPD$b00$c20170509$lBLL01$h0928
=CAT  \\$aBATCH-UPD$b00$c20170509$lBLL01$h0938
=CAT  \\$aW2003-0365$c20200305$lBLL01$h1101
=FIN  \\$aY$d20170509
=SID  \\$aZ30$bOCLC
=SRC  \\$aJapanKnowledge_2017$bJK_OCLC20170203.mrc
=LAS  \\$aW2003-0365$b00$c20200305$lBLL01$h1101

