=LDR  02166 am a22005774i 4500
=001  018337769
=003  Uk
=005  20170106042804.0
=006  m\\\\\o\\d\\\\\\\\
=007  cr\|||||||||||
=008  151112s2002\\\\ja\a\\\\ob\\\\001\0\jpn\d
=FMT  \\$a  BK
=020  \\$z4096580732
=020  \\$z9784096580738
=035  \\$a(OCoLC)928950264
=040  \\$aYUS$beng$cYUS$dOCLCO$dYUS$dOCLCO$dOCL$dYUS$dOCLCO$dUk$erda$epn
=043  \\$aa-ja---
=050  \4$aPL758.835$b.K56 2002
=245  00$6880-01$aKinsei wakashū /$ckōchū, yaku Kubota Keiichi.
=264  \1$6880-02$aTōkyō :$bShōgakkan,$c2002.
=300  \\$a1 online resource.
=336  \\$atext$btxt$2rdacontent
=337  \\$acomputer$bc$2rdamedia
=338  \\$aonline resource$bcr$2rdacarrier
=490  1\$6880-03$aShinpen Nihon koten bungaku zenshū ;$v73
=504  \\$aIncludes bibliographical references and index.
=588  \\$aDescription based on print version.
=648  \7$a1600-1868$2fast
=650  \0$aJapanese poetry$yEdo period, 1600-1868.
=650  \0$aWaka.
=650  \7$aJapanese poetry$xEdo period.$2fast$0(OCoLC)fst01710989
=650  \7$aWaka.$2fast$0(OCoLC)fst01169959
=700  1\$6880-04$aKubota, Keiichi.
=773  0\$tJapanKnowledge
=776  08$iPrint version:$tKinsei wakashū
=830  \0$6880-05$aShinpen Nihon koten bungaku zenshū$v73.
=856  40$3JapanKnowledge$uhttp://japanknowledge.com/lib/display/?lid=80110V00730001$yJapanKnowledge Lib
=880  00$6245-01/{dollar}1$a近世和歌集 /$c校注·訳久保田啓一.
=880  \1$6264-02/{dollar}1$a東京 :$b小学館,$c2002.
=880  1\$6490-03/{dollar}1$a新編日本古典文学全集 ;$v73
=880  1\$6700-04/{dollar}1$a久保田啓一.
=880  \0$6830-05/{dollar}1$a新編日本古典文学全集 ;$v73.
=859  \\$aORR$bJapanKnowledge
=CAT  \\$aW1704-1242$b00$c20170509$lBLL01$h0927
=CAT  \\$aBATCH-UPD$b00$c20170509$lBLL01$h0928
=CAT  \\$aW2003-0365$c20200305$lBLL01$h1101
=CAT  \\$aBATCH-UPD$b00$c20200918$lBLL01$h2045
=FIN  \\$aY$d20170509
=SID  \\$aZ30$bOCLC
=SRC  \\$aJapanKnowledge_2017$bJK_OCLC20170203.mrc
=LAS  \\$aBATCH-UPD$b00$c20200918$lBLL01$h2045

