=LDR  02748 am a22006497a 4500
=001  018337770
=003  Uk
=005  20170106042805.0
=006  m\\\\\o\\d\\\\\\\\
=007  cr\|||||||||||
=008  100420m19791980ja\\\\\\o\\\\\000\0\jpn\d
=FMT  \\$a  BK
=019  \\$a297353162$a608400515
=035  \\$a(OCoLC)608400514$z(OCoLC)297353162$z(OCoLC)608400515
=040  \\$aOCLCE$beng$cOCLCE$dOCLCQ$dCUS$dOCLCQ$dOCLCA$dOCLCQ$dOCLCF$dYUS$dOCLCO$dYUS$dOCLCO$dOCLCQ$dYUS$dOCLCO$dUk$epn
=042  \\$adlr
=043  \\$aa------
=050  \4$aDS506$b.M5463
=082  04$a915
=100  1\$aPinto, Fernão Mendes,$d-1583.
=240  10$aPeregrinaçam.$lJapanese
=245  10$6880-01$aTōyō henrekiki /$cMendesu Pinto ; Okamura Takiko yaku.
=250  \\$6880-02$aShohan.
=260  \\$6880-03$aTōkyō :$bHeibonsha,$c1979-1980.
=300  \\$a1 online resource (3 volumes).
=336  \\$atext$btxt$2rdacontent
=337  \\$acomputer$bc$2rdamedia
=338  \\$aonline resource$bcr$2rdacarrier
=490  1\$6880-04$aTōyō bunko ;$v366, 371, 373
=588  0\$aPrint version record.
=600  10$aPinto, Fernão Mendes,$d-1583.
=600  17$aPinto, Fernão Mendes,$d-1583$2fast$0(OCoLC)fst01841585
=650  \7$aTravel.$2fast$0(OCoLC)fst01155558
=651  \0$aAsia$xDescription and travel.
=651  \7$aAsia.$2fast$0(OCoLC)fst01240495
=700  1\$6880-05$aOkamura, Takiko,$d1939-
=773  0\$tJapanKnowledge
=776  08$iPrint version:$aPinto, Fernão Mendes, -1583.$sPeregrinaçam. Japanese.$tTōyō henrekiki.$dTōkyō : Heibonsha, 1979-1980
=830  \0$6880-06$aTōyō bunko$v366, 371, 373.
=856  40$3JapanKnowledge Volume 1$uhttp://japanknowledge.com/lib/display/?lid=80010V0366P0002$yJapanKnowledge Lib
=856  40$3JapanKnowledge Volume 2$uhttp://japanknowledge.com/lib/display/?lid=80010V0371P0002$yJapanKnowledge Lib
=856  40$3JapanKnowledge Volume 3$uhttp://japanknowledge.com/lib/display/?lid=80010V0373P0002$yJapanKnowledge Lib
=880  10$6245-01/{dollar}1$a東洋遍歴記 /$cメンデス・ピント ; 岡村多希子訳.
=880  \\$6250-02/{dollar}1$a初版.
=880  \\$6260-03/{dollar}1$a東京 :$b平凡社,$c1979-1980.
=880  1\$6490-04/{dollar}1$a東洋文庫 ;$v366, 371, 373
=880  1\$6700-05/{dollar}1$a岡村多希子,$d1939-
=880  \0$6830-06/{dollar}1$a東洋文庫 ;$v366, 371, 373.
=859  \\$aORR$bJapanKnowledge
=CAT  \\$aW1704-1242$b00$c20170509$lBLL01$h0927
=CAT  \\$aBATCH-UPD$b00$c20170509$lBLL01$h0928
=CAT  \\$aBATCH-UPD$b00$c20170509$lBLL01$h0938
=CAT  \\$aW2003-0365$c20200305$lBLL01$h1101
=FIN  \\$aY$d20170509
=SID  \\$aZ30$bOCLC
=SRC  \\$aJapanKnowledge_2017$bJK_OCLC20170203.mrc
=LAS  \\$aW2003-0365$b00$c20200305$lBLL01$h1101

