=LDR  02723 am a22006257a 4500
=001  018337771
=003  Uk
=005  20170106042805.0
=006  m\\\\\o\\d\\\\\\\\
=007  cr\unu---uuaua
=008  090107s1980\\\\ja\a\\\\ob\\\\001\0\jpn\d
=FMT  \\$a  BK
=035  \\$a(OCoLC)297243182
=040  \\$aOCLCE$beng$cOCLCE$dOCLCQ$dCUS$dOCLCQ$dOCLCA$dOCLCQ$dOCLCF$dYUS$dOCLCO$dYUS$dOCLCO$dOCL$dOCLCQ$dYUS$dOCLCO$dUk$epn
=043  \\$aa-ja---
=050  \4$aDS868.2$b.N372 1980 <Orien Japan>
=100  1\$6880-01$aNaramura, Naganori,$dactive 16th century
=240  10$6880-02$aMuromachi Dono nikki.$kSelections
=245  10$6880-03$aMuromachi Dono monogatari /$cNaramura Naganori ; Sasakawa Sachio kōchū.
=250  \\$6880-04$aShohan.
=260  \\$6880-05$aTōkyō :$bHeibonsha,$c1980.
=300  \\$a1 online resource (2 volumes) :$billustrations.
=336  \\$atext$btxt$2rdacontent
=337  \\$acomputer$bc$2rdamedia
=338  \\$aonline resource$bcr$2rdacarrier
=490  1\$6880-06$aTōyō bunko ;$v380, 384
=504  \\$aIncludes bibliographical references and index.
=588  0\$aPrint version record.
=648  \7$a1480-1603$2fast
=651  \0$aJapan$xHistory$yPeriod of civil wars, 1480-1603.
=651  \7$aJapan.$2fast$0(OCoLC)fst01204082
=655  \7$aHistory.$2fast$0(OCoLC)fst01411628
=700  1\$6880-07$aSasakawa, Sachio,$d1939-
=773  0\$tJapanKnowledge
=776  08$iPrint version:$aNaramura, Naganori, 16th cent.$sMuromachi Dono nikki. Selections.$tMuromachi Dono monogatari.$bShohan.$dTōkyō : Heibonsha, 1980$z4582803806$z9784582803808
=830  \0$6880-08$aTōyō bunko$v380, 384.
=856  40$3JapanKnowledge Volume 1$uhttp://japanknowledge.com/lib/display/?lid=80010V0380P0002$yJapanKnowledge Lib
=856  40$3JapanKnowledge Volume 2$uhttp://japanknowledge.com/lib/display/?lid=80010V0384P0002$yJapanKnowledge Lib
=880  1\$6100-01/{dollar}1$a楢村長敎,$dactive 16th century.
=880  10$6240-02/{dollar}1$a室町殿日記.$kSelections
=880  10$6245-03/{dollar}1$a室町殿物語 /$c楢村長敎 ; 笹川祥生校注.
=880  \\$6250-04/{dollar}1$a初版.
=880  \\$6260-05/{dollar}1$a東京 :$b平凡社,$c1980.
=880  1\$6490-06/{dollar}1$a東洋文庫 ;$v380, 384
=880  1\$6700-07/{dollar}1$a笹川祥生,$d1939-
=880  \0$6830-08/{dollar}1$a東洋文庫 ;$v380, 384.
=859  \\$aORR$bJapanKnowledge
=CAT  \\$aW1704-1242$b00$c20170509$lBLL01$h0927
=CAT  \\$aBATCH-UPD$b00$c20170509$lBLL01$h0928
=CAT  \\$aBATCH-UPD$b00$c20170509$lBLL01$h0938
=CAT  \\$aW2003-0365$c20200305$lBLL01$h1101
=FIN  \\$aY$d20170509
=SID  \\$aZ30$bOCLC
=SRC  \\$aJapanKnowledge_2017$bJK_OCLC20170203.mrc
=LAS  \\$aW2003-0365$b00$c20200305$lBLL01$h1101

