=LDR  02298cam a22006254i 4500
=001  018337772
=003  Uk
=005  20170106042806.0
=006  m\\\\\o\\d\\\\\\\\
=007  cr\|||||||||||
=008  151214s1991\\\\ja\\\\\\ob\\\\000\0\jpn\d
=FMT  \\$a  BK
=020  \\$z4560057222
=020  \\$z9784560057223
=035  \\$a(OCoLC)932130253
=040  \\$aCNEAL$beng$cYUS$dOCLCF$dOCL$dUk$erda$epn
=041  1\$ajpn$hfre
=043  \\$ae------
=050  \4$aBF1623.R7$bE45165 1991
=100  1\$aEdighoffer, Roland,$eauthor.
=240  10$aRose-Croix.$lJapanese
=245  10$6880-01$aBara Jūjidan /$cRoran Edigoferu [cho] ; Tanaka Yoshihiro yaku.
=264  \1$6880-02$aTōkyō :$bHakusuisha,$c1991.
=300  \\$a1 online resource.
=336  \\$atext$btxt$2rdacontent
=337  \\$acomputer$bc$2rdamedia
=338  \\$aonline resource$bcr$2rdacarrier
=490  1\$6880-03$aBunko kuseju ;$v722
=500  \\$aTranslation of: Les Rose-Croix.
=504  \\$aIncludes bibliographical references.
=588  \\$aDescription based on print version.
=648  \7$a1600-1699$2fast
=650  \0$aRosicrucians$zEurope$xHistory$y17th century.
=650  \7$aRosicrucians.$2fast$0(OCoLC)fst01100561
=651  \7$aEurope.$2fast$0(OCoLC)fst01245064
=655  \7$aHistory.$2fast$0(OCoLC)fst01411628
=700  1\$6880-04$aTanaka, Yoshihiro,$d1950-
=773  0\$tJapanKnowledge
=776  08$iPrint version:$tBara jūjidan.
=830  \0$6880-05$aBunko kuseju$v722.
=856  40$3JapanKnowledge$uhttp://japanknowledge.com/lib/display/?lid=8021007220000$yJapanKnowledge Lib
=880  10$6245-01/{dollar}1$a薔薇十字団 /$cロラン・エディゴフェル[著] ; 田中義廣訳.
=880  \1$6264-02/{dollar}1$a東京 :$b白水社,$c1991.
=880  1\$6490-03/{dollar}1$a文庫クセジュ ;$v722
=880  1\$6700-04/{dollar}1$a田中義廣,$d1950-
=880  \0$6830-05/{dollar}1$a文庫クセジュ ;$v722.
=859  \\$aORR$bJapanKnowledge
=CAT  \\$aW1704-1242$b00$c20170509$lBLL01$h0927
=CAT  \\$aBATCH-UPD$b00$c20170509$lBLL01$h0928
=CAT  \\$aW2003-0365$c20200305$lBLL01$h1101
=CAT  \\$aBATCH-UPD$b00$c20221020$lBLL01$h2023
=FIN  \\$aY$d20170509
=SID  \\$aZ30$bOCLC
=SRC  \\$aJapanKnowledge_2017$bJK_OCLC20170203.mrc
=LAS  \\$aBATCH-UPD$b00$c20221020$lBLL01$h2023

