=LDR  02545 am a22006377a 4500
=001  018337773
=003  Uk
=005  20170106042806.0
=006  m\\\\\o\\d\\\\\\\\
=007  cr\|||||||||||
=008  101113r19681901ja\a\\\\o\\\\\000\0\jpn\d
=FMT  \\$a  BK
=019  \\$a646014044$a654350203$a681970380$a691648630
=020  \\$z4582801226
=020  \\$z9784582801224
=035  \\$a(OCoLC)681088841$z(OCoLC)646014044$z(OCoLC)654350203$z(OCoLC)681970380$z(OCoLC)691648630
=040  \\$aOCLCE$beng$cOCLCE$dOCLCQ$dCUS$dOCLCQ$dOCLCF$dOCLCQ$dYUS$dOCLCO$dYUS$dOCLCO$dOCLCQ$dYUS$dOCLCO$dUk$epn
=042  \\$adlr
=043  \\$aa-ja---
=050  \4$aGV1204.77$b.O8 1968
=100  1\$6880-01$aŌta, Saijirō.
=245  10$6880-02$aNihon jidō yūgishū /$cŌta Saijirō hen ; Seta Teiji kaisetsu.
=246  3\$6880-03$aNihon zenkoku jidō yūgihō
=250  \\$6880-04$aShohan.
=260  \\$6880-05$aTōkyō :$bHeibonsha,$c1968$g(1989 printing)
=300  \\$a1 online resource (27, 361 pages) :$billustrations.
=336  \\$atext$btxt$2rdacontent
=337  \\$acomputer$bc$2rdamedia
=338  \\$aonline resource$bcr$2rdacarrier
=490  1\$6880-06$aTōyō bunko ;$v122
=588  0\$aPrint version record.
=650  \0$aGames$zJapan.
=650  \7$aGames.$2fast$0(OCoLC)fst00937529
=651  \7$aJapan.$2fast$0(OCoLC)fst01204082
=700  1\$6880-07$aSeta, Teiji,$d1916-1979
=773  0\$tJapanKnowledge
=776  08$iPrint version:$aŌta, Saijirō.$tNihon jidō yūgishū.$bShohan.$dTōkyō : Heibonsha, 1968
=830  \0$6880-08$aTōyō bunko$v122.
=856  40$3JapanKnowledge$uhttp://japanknowledge.com/lib/display/?lid=80010V0122P0002$yJapanKnowledge Lib
=880  1\$6100-01/{dollar}1$a大田才次郎.
=880  10$6245-02/{dollar}1$a日本児童遊戯集 /$c大田才次郎編 ; 瀬田貞二解說.
=880  3\$6246-03/{dollar}1$a日本全国児童遊戯法
=880  \\$6250-04/{dollar}1$a初版.
=880  \\$6260-05/{dollar}1$a東京 :$b平凡社,$c1968$g(1989 printing)
=880  1\$6490-06/{dollar}1$a東洋文庫 ;$v122
=880  1\$6700-07/{dollar}1$a瀬田貞二,$d1916-
=880  \0$6830-08/{dollar}1$a東洋文庫 ;$v122.
=859  \\$aORR$bJapanKnowledge
=CAT  \\$aW1704-1242$b00$c20170509$lBLL01$h0927
=CAT  \\$aBATCH-UPD$b00$c20170509$lBLL01$h0928
=CAT  \\$aBATCH-UPD$b00$c20170509$lBLL01$h0938
=CAT  \\$aW2003-0365$c20200305$lBLL01$h1101
=FIN  \\$aY$d20170509
=SID  \\$aZ30$bOCLC
=SRC  \\$aJapanKnowledge_2017$bJK_OCLC20170203.mrc
=LAS  \\$aW2003-0365$b00$c20200305$lBLL01$h1101

