=LDR  02666 am a22006617a 4500
=001  018337774
=003  Uk
=005  20170106042806.0
=006  m\\\\\o\\d\\\\\\\\
=007  cr\|||||||||||
=008  100630s1971\\\\ja\\\\\\ob\\\\000\0\jpn\d
=FMT  \\$a  BK
=019  \\$a301149464
=035  \\$a(OCoLC)645388526$z(OCoLC)301149464
=040  \\$aOCLCE$beng$cOCLCE$dOCLCQ$dOCLCO$dCUS$dYUS$dOCLCO$dYUS$dOCLCO$dOCLCQ$dYUS$dOCLCO$dUk$epn
=042  \\$adlr
=043  \\$aa-ja---
=050  \4$aPL799.S8$bA8 1971 <Asian Japan>
=100  1\$6880-01$aSuzuki, Bokushi,$d1770-1842
=245  10$6880-02$aAkiyama kikō ;$bYonabegusa /$cSuzuki Bokushi cho ; Miya Eiji kōchū.
=246  3\$6880-03$aAkiyama kikō ; Yonabegusa
=260  \\$6880-04$aTōkyō :$bHeibonsha,$cShōwa 46 [1971]
=300  \\$a1 online resource (337 pages).
=336  \\$atext$btxt$2rdacontent
=337  \\$acomputer$bc$2rdamedia
=338  \\$aonline resource$bcr$2rdacarrier
=490  1\$6880-05$aTōyō bunko
=504  \\$aList of the author's works: pages 321-322.
=588  0\$aPrint version record.
=651  \0$6880-06$aAkiyama (Niigata-ken, Japan)$xDescription and travel.
=700  1\$6880-07$aMiya, Eiji,$d1916-
=700  12$6880-08.$aSuzuki, Bokushi,$d1770-1842$tYonabegusa.
=740  02$6880-09$aYonabegusa.
=773  0\$tJapanKnowledge
=776  08$iPrint version:$aSuzuki, Bokushi, 1770-1842.$tAkiyama kikō.$dTōkyō : Heibonsha, Shōwa 46 [1971]
=830  \0$6880-10$aTōyō bunko
=856  40$3JapanKnowledge$uhttp://japanknowledge.com/lib/display/?lid=80010V0186P0002$yJapanKnowledge Lib
=880  1\$6100-01/{dollar}1$a鈴木牧之,$d1770-1842.
=880  10$6245-02/{dollar}1$a秋山記行 ;$b夜職草 /$c鈴木牧之著 ; 宮栄二校注.
=880  3\$6246-03/{dollar}1$a秋山記行 ; 夜職草
=880  \\$6260-04/{dollar}1$a東京 :$b平凡社,$c昭和 46 [1971]
=880  \\$6250-00/{dollar}1$a初版.
=880  1\$6490-05/{dollar}1$a東洋文庫
=880  \4$6651-06/{dollar}1$a秋山 (Niigata-ken, Japan)$xDescription and travel.
=880  14$6600-00/{dollar}1$a鈴木牧之,$d1770-1842.
=880  1\$6700-07/{dollar}1$a宮栄二,$d1916-
=880  12$6700-08/{dollar}1$a鈴木牧之,$d1770-1842.$t夜職草.
=880  02$6740-09/{dollar}1$a夜職草.
=880  \0$6830-10/{dollar}1$a東洋文庫.
=859  \\$aORR$bJapanKnowledge
=CAT  \\$aW1704-1242$b00$c20170509$lBLL01$h0927
=CAT  \\$aBATCH-UPD$b00$c20170509$lBLL01$h0928
=CAT  \\$aBATCH-UPD$b00$c20170509$lBLL01$h0938
=CAT  \\$aW2003-0365$c20200305$lBLL01$h1101
=FIN  \\$aY$d20170509
=SID  \\$aZ30$bOCLC
=SRC  \\$aJapanKnowledge_2017$bJK_OCLC20170203.mrc
=LAS  \\$aW2003-0365$b00$c20200305$lBLL01$h1101

