=LDR  04051 am a2200793 a 4500
=001  018337775
=003  Uk
=005  20170106042806.0
=006  m\\\\\o\\d\\\\\\\\
=007  cr\un|||||||||
=008  120131m19661980ja\a\\\\ob\\\\000\0\jpn\d
=FMT  \\$a  BK
=035  \\$a(OCoLC)774604506
=040  \\$aCUS$beng$cCUS$dCUS$dOCLCO$dOCLCQ$dOCLCF$dOCLCO$dOCLCA$dYUS$dOCLCO$dOCLCQ$dYUS$dOCLCO$dOCL$dOCLCQ$dYUS$dOCLCO$dUk
=043  \\$aa-ja---
=050  \4$aPL787$b.K6 1966
=130  0\$6880-01$aKonjaku monogatari.
=245  10$6880-02$aKonjaku monogatarishū /$cNagazumi Yasuaki, Ikegami Jun'ichi yaku.
=250  \\$6880-03$aShohan.
=260  \\$6880-04$aTōkyō :$bHeibonsha,$c1966-1980.
=300  \\$a1 online resource (10 volumes) :$billustrations.
=336  \\$atext$btxt$2rdacontent
=337  \\$acomputer$bc$2rdamedia
=338  \\$aonline resource$bcr$2rdacarrier
=490  1\$6880-05$aTōyō bunko ;$v80, 89, 96, 104, 112, 120, 368, 374, 379, 383
=504  \\$aIncludes bibliographical references (v. 1, page 18 (1st group)).
=505  0\$6880-06$a1-6. Honchōbu.--7-8. Tenjikubu.--9-10. Shindanbu.
=588  0\$aPrint version record.
=648  \7$a794-1185$2fast
=650  \0$aBuddhist legends.
=650  \0$aFolk literature, Japanese.
=650  \0$aJapanese literature$yHeian period, 794-1185.
=650  \7$aBuddhist legends.$2fast$0(OCoLC)fst01727608
=650  \7$aFolk literature, Japanese.$2fast$0(OCoLC)fst00929094
=650  \7$aJapanese literature$xHeian period.$2fast$0(OCoLC)fst01710986
=700  1\$6880-07$aNagazumi, Yasuaki,$d1908-1995
=700  1\$6880-08$aIkegami, Jun'ichi,$d1937-
=773  0\$tJapanKnowledge
=776  08$iPrint version:$tKonjaku monogatarishū.$dTōkyō : Heibonsha, 1966-1980
=830  \0$6880-09$aTōyō bunko$v80, etc.
=856  40$3JapanKnowledge Volume 10$uhttp://japanknowledge.com/lib/display/?lid=80010V0383P0002$yJapanKnowledge Lib
=856  40$3JapanKnowledge Volume 1$uhttp://japanknowledge.com/lib/display/?lid=80010V0080P0002$yJapanKnowledge Lib
=856  40$3JapanKnowledge Volume 2$uhttp://japanknowledge.com/lib/display/?lid=80010V0089P0002$yJapanKnowledge Lib
=856  40$3JapanKnowledge Volume 3$uhttp://japanknowledge.com/lib/display/?lid=80010V0096P0002$yJapanKnowledge Lib
=856  40$3JapanKnowledge Volume 4$uhttp://japanknowledge.com/lib/display/?lid=80010V0104P0002$yJapanKnowledge Lib
=856  40$3JapanKnowledge Volume 5$uhttp://japanknowledge.com/lib/display/?lid=80010V0112P0002$yJapanKnowledge Lib
=856  40$3JapanKnowledge Volume 6$uhttp://japanknowledge.com/lib/display/?lid=80010V0120P0002$yJapanKnowledge Lib
=856  40$3JapanKnowledge Volume 7$uhttp://japanknowledge.com/lib/display/?lid=80010V0368P0002$yJapanKnowledge Lib
=856  40$3JapanKnowledge Volume 8$uhttp://japanknowledge.com/lib/display/?lid=80010V0374P0002$yJapanKnowledge Lib
=856  40$3JapanKnowledge Volume 9$uhttp://japanknowledge.com/lib/display/?lid=80010V0379P0002$yJapanKnowledge Lib
=880  0\$6130-01/{dollar}1$a今昔物語.
=880  10$6245-02/{dollar}1$a今昔物語集 /$c永積安明, 池上洵一訳.
=880  \\$6250-03/{dollar}1$a初版.
=880  \\$6260-04/{dollar}1$a東京 :$b平凡社,$c1966-1980.
=880  1\$6490-05/{dollar}1$a東洋文庫 ;$v80, 89, 96, 104, 112, 120, 368, 374, 379, 383
=880  0\$6505-06/{dollar}1$a1-6. 本朝部 -- 7-8. 天竺部 -- 9-10. 震旦部.
=880  \\$6500-00/{dollar}1$a"岩波書店版・日本古典文学大系「今昔物語集」の本文を使用."
=880  1\$6700-07/{dollar}1$a永積安明,$d1908-1995.
=880  1\$6700-08/{dollar}1$a池上洵一,$d1937-
=880  \0$6830-09/{dollar}1$a東洋文庫 ;$v80, etc.
=859  \\$aORR$bJapanKnowledge
=CAT  \\$aW1704-1242$b00$c20170509$lBLL01$h0927
=CAT  \\$aBATCH-UPD$b00$c20170509$lBLL01$h0928
=CAT  \\$aBATCH-UPD$b00$c20170509$lBLL01$h0938
=CAT  \\$aW2003-0365$c20200305$lBLL01$h1101
=FIN  \\$aY$d20170509
=SID  \\$aZ30$bOCLC
=SRC  \\$aJapanKnowledge_2017$bJK_OCLC20170203.mrc
=LAS  \\$aW2003-0365$b00$c20200305$lBLL01$h1101

