=LDR  02677 am a2200625 a 4500
=001  018337776
=003  Uk
=005  20170106042807.0
=006  m\\\\\o\\d\\\\\\\\
=007  cr\un|||||||||
=008  120209m19821983ja\a\\\\o\\\\\000\0\jpn\d
=FMT  \\$a  BK
=035  \\$a(OCoLC)775692778
=040  \\$aCUS$beng$cCUS$dOCLCQ$dOCLCF$dYUS$dOCLCO$dOCLCQ$dYUS$dOCLCO$dOCLCQ$dYUS$dOCLCO$dUk
=043  \\$aa-ja---
=050  \4$aDS894.99.O372$bS27 1982
=100  1\$6880-01$aSasamori, Gisuke,$d1845-1915
=245  10$6880-02$aNantō tanken :$bRyūkyū man'yūki /$cSasamori Gisuke ; Azuma Yoshimochi kōchū.
=250  \\$6880-03$aShohan.
=260  \\$6880-04$aTōkyō :$bHeibonsha,$c1982-1983.
=300  \\$a1 online resource (2 volumes) :$billustrations.
=336  \\$atext$btxt$2rdacontent
=337  \\$acomputer$bc$2rdamedia
=338  \\$aonline resource$bcr$2rdacarrier
=490  1\$6880-05$aTōyō bunko ;$v411, 428
=588  0\$aPrint version record.
=600  10$6880-06$aSasamori, Gisuke,$d1845-1915
=600  17$aSasamori, Gisuke,$d1845-1915$2fast$0(OCoLC)fst00113359
=650  \7$aTravel.$2fast$0(OCoLC)fst01155558
=651  \0$6880-07$aOkinawa-ken (Japan)$xDescription and travel.
=651  \7$aJapan$zOkinawa-ken.$2fast$0(OCoLC)fst01207860
=700  1\$6880-08$aAzuma, Yoshimochi,$d1932-
=773  0\$tJapanKnowledge
=776  08$iPrint version:$aSasamori, Gisuke, 1845-1915.$tNantō tanken.$bShohan.$dTōkyō : Heibonsha, 1982-1983
=830  \0$6880-09$aTōyō bunko$v411, 428.
=856  40$3JapanKnowledge Volume 2$uhttp://japanknowledge.com/lib/display/?lid=80010V0428P0002$yJapanKnowledge Lib
=856  40$3JapanKnowledge Volume 1$uhttp://japanknowledge.com/lib/display/?lid=80010V0411P0002$yJapanKnowledge Lib
=880  1\$6100-01/{dollar}1$a笹森儀助,$d1845-1915.
=880  10$6245-02/{dollar}1$a南嶋探験 :$b琉球漫遊記 /$c笹森儀助 ; 東喜望校注.
=880  \\$6250-03/{dollar}1$a初版.
=880  \\$6260-04/{dollar}1$a東京 :$b平凡社,$c1982-1983.
=880  1\$6490-05/{dollar}1$a東洋文庫 ;$v411, 428
=880  14$6600-06/{dollar}1$a笹森儀助,$d1845-1915.
=880  \4$6651-07/{dollar}1$a沖縄県 (Japan)$xDescription and travel.
=880  1\$6700-08/{dollar}1$a東喜望,$d1932-
=880  \0$6830-09/{dollar}1$a東洋文庫 ;$v411, 428.
=859  \\$aORR$bJapanKnowledge
=CAT  \\$aW1704-1242$b00$c20170509$lBLL01$h0927
=CAT  \\$aBATCH-UPD$b00$c20170509$lBLL01$h0928
=CAT  \\$aBATCH-UPD$b00$c20170509$lBLL01$h0938
=CAT  \\$aW2003-0365$c20200305$lBLL01$h1101
=FIN  \\$aY$d20170509
=SID  \\$aZ30$bOCLC
=SRC  \\$aJapanKnowledge_2017$bJK_OCLC20170203.mrc
=LAS  \\$aW2003-0365$b00$c20200305$lBLL01$h1101

