=LDR  02345 am a22006017a 4500
=001  018337777
=003  Uk
=005  20170106042807.0
=006  m\\\\\o\\d\\\\\\\\
=007  cr\un|||||||||
=008  120131s1981\\\\ja\a\\\\ob\\\\000\0\jpn\d
=FMT  \\$a  BK
=035  \\$a(OCoLC)774593433
=040  \\$aCUS$beng$cCUS$dOCLCQ$dOCLCF$dYUS$dOCLCO$dOCLCQ$dYUS$dOCLCO$dYUS$dOCLCQ$dYUS$dOCLCO$dUk
=043  \\$aa-cc---
=100  1\$6880-01$aTakeuchi, Teruo,$d1910-
=245  10$6880-02$aShisho gokyō :$bChūgoku shisō no keisei to tenkai /$cTakeuchi Teruo cho.
=250  \\$6880-03$aDai 2-han.
=260  \\$6880-04$aTōkyō :$bHeibonsha,$c1981.
=300  \\$a1 online resource (3, 260, 16 pages) :$billustrations.
=336  \\$atext$btxt$2rdacontent
=337  \\$acomputer$bc$2rdamedia
=338  \\$aonline resource$bcr$2rdacarrier
=490  1\$6880-05$aTōyō bunko ;$v44
=504  \\$aIncludes bibliographical references (pages 257-260).
=588  0\$aPrint version record.
=630  00$6880-06$aSi shu
=630  00$6880-07$aWu jing
=630  07$aSi shu.$2fast$0(OCoLC)fst01358503
=630  07$aWu jing (Title)$2fast$0(OCoLC)fst01366289
=650  \0$aPhilosophy, Chinese.
=650  \7$aPhilosophy, Chinese.$2fast$0(OCoLC)fst01060917
=773  0\$tJapanKnowledge
=776  08$iPrint version:$aTakeuchi, Teruo, 1910-$tShisho gokyō.$b2-han.$dTōkyō : Heibonsha, 1981
=830  \0$6880-08$aTōyō bunko$v44.
=856  40$3JapanKnowledge$uhttp://japanknowledge.com/lib/display/?lid=80010V0044P0002$yJapanKnowledge Lib
=880  1\$6100-01/{dollar}1$a竹内照夫,$d1910-
=880  10$6245-02/{dollar}1$a四書五経 :$b中国思想の形成と展開 /$c竹内照夫著.
=880  \\$6250-03/{dollar}1$a第2版.
=880  \\$6260-04/{dollar}1$a東京 :$b平凡社,$c1981.
=880  1\$6490-05/{dollar}1$a東洋文庫 ;$v44
=880  04$6630-06/{dollar}1$a四書.
=880  04$6630-07/{dollar}1$a五經.
=880  \0$6830-08/{dollar}1$a東洋文庫 ;$v44.
=859  \\$aORR$bJapanKnowledge
=CAT  \\$aW1704-1242$b00$c20170509$lBLL01$h0927
=CAT  \\$aBATCH-UPD$b00$c20170509$lBLL01$h0928
=CAT  \\$aBATCH-UPD$b00$c20170509$lBLL01$h0938
=CAT  \\$aW2003-0365$c20200305$lBLL01$h1101
=FIN  \\$aY$d20170509
=SID  \\$aZ30$bOCLC
=SRC  \\$aJapanKnowledge_2017$bJK_OCLC20170203.mrc
=LAS  \\$aW2003-0365$b00$c20200305$lBLL01$h1101

