=LDR  02788cam a22006137a 4500
=001  018337778
=003  Uk
=005  20170106042807.0
=006  m\\\\\o\\d\\\\\\\\
=007  cr\unu---uuaua
=008  090130m19921993ja\ab\\\o\\\\\000\0\jpn\d
=FMT  \\$a  BK
=035  \\$a(OCoLC)300545366
=040  \\$aOCLCE$beng$cOCLCE$dOCL$dCUS$dOCLCQ$dOCLCF$dOCLCO$dYUS$dOCLCO$dYUS$dOCLCO$dOCLCQ$dOCLCO$dYUS$dOCLCO$dUk$epn
=043  \\$aae-----
=050  \4$aDS507$b.K74163 1992
=100  1\$aKreitner, Gustav,$d1847-1893.
=240  10$aIm fernen Osten.$lJapanese
=245  10$6880-01$aTōyō kikō /$cG. Kuraitonā ; Ōbayashi Taryō kanshū ; Kotani Hiroyuki, Morita Akira yaku.
=250  \\$6880-02$aShohan.
=260  \\$6880-03$aTōkyō :$bHeibonsha,$c1992-1993.
=300  \\$a1 online resource (3 volumes) :$billustrations, maps.
=336  \\$atext$btxt$2rdacontent
=337  \\$acomputer$bc$2rdamedia
=338  \\$aonline resource$bcr$2rdacarrier
=490  1\$6880-04$aTōyō bunko ;$v555, 558, 560
=588  0\$aPrint version record.
=600  10$aSzéchenyi, Béla,$cgróf,$d1837-1918$xTravel.
=600  17$aSzéchenyi, Béla,$cgróf,$d1837-1918$2fast$0(OCoLC)fst00170052
=650  \0$aTravelers$zEast Asia.
=650  \7$aTravel.$2fast$0(OCoLC)fst01155558
=650  \7$aTravelers.$2fast$0(OCoLC)fst01155691
=651  \0$aEast Asia$xDescription and travel.
=651  \7$aEast Asia.$2fast$0(OCoLC)fst01243628
=773  0\$tJapanKnowledge
=776  08$iPrint version:$aKreitner, Gustav, 1847-1893.$sIm fernen Osten. Japanese.$tTōyō kikō.$bShohan.$dTōkyō : Heibonsha, 1992-1993$z4582805558$z9784582805550
=830  \0$6880-05$aTōyō bunko$v555, 558, 560.
=856  40$3JapanKnowledge Volume 1$uhttp://japanknowledge.com/lib/display/?lid=80010V0555P0002$yJapanKnowledge Lib
=856  40$3JapanKnowledge Volume 2$uhttp://japanknowledge.com/lib/display/?lid=80010V0558P0002$yJapanKnowledge Lib
=856  40$3JapanKnowledge Volume 3$uhttp://japanknowledge.com/lib/display/?lid=80010V0560P0002$yJapanKnowledge Lib
=880  10$6245-01/{dollar}1$a東洋紀行 /$cG. クライトナー ; 大林太良監修 ; 小谷裕幸, 森田明訳.
=880  \\$6250-02/{dollar}1$a初版.
=880  \\$6260-03/{dollar}1$a東京 :$b平凡社,$c1992-1993.
=880  1\$6490-04/{dollar}1$a東洋文庫 ;$v555, 558, 560
=880  \0$6830-05/{dollar}1$a東洋文庫 ;$v555, 558, 560.
=859  \\$aORR$bJapanKnowledge
=CAT  \\$aW1704-1242$b00$c20170509$lBLL01$h0927
=CAT  \\$aBATCH-UPD$b00$c20170509$lBLL01$h0928
=CAT  \\$aW2003-0365$c20200305$lBLL01$h1101
=CAT  \\$aBATCH-UPD$b00$c20220722$lBLL01$h2111
=FIN  \\$aY$d20170509
=SID  \\$aZ30$bOCLC
=SRC  \\$aJapanKnowledge_2017$bJK_OCLC20170203.mrc
=LAS  \\$aBATCH-UPD$b00$c20220722$lBLL01$h2111

