=LDR  02723 am a22006374i 4500
=001  018337779
=003  Uk
=005  20170106042808.0
=006  m\\\\\o\\d\\\\\\\\
=007  cr\|||||||||||
=008  151113s1969\\\\ja\\\\\\ob\\\\000\0\jpn\d
=FMT  \\$a  BK
=020  \\$z4560054533
=020  \\$z9784560054536
=035  \\$a(OCoLC)929029100
=040  \\$aWTU$beng$cYUS$dOCLCO$dYUS$dOCLCO$dOCLCF$dOCLCO$dOCL$dUk$erda$epn
=041  1\$ajpn$hfre
=100  1\$aSchmidt, Albert-Marie,$eauthor.
=240  10$aLa littérature symboliste (1870-1900).$lJapanese
=245  10$6880-01$aShōchō shugi :$bMararume kara shūrurearisumu made /$cArubēru-Mari Shumitto cho ; Shimizu Shigeru, Kubota Han'ya kyōyaku.
=264  \1$6880-02$aTōkyō :$bHakusuisha,$c1969.
=300  \\$a1 online resource.
=336  \\$atext$btxt$2rdacontent
=337  \\$acomputer$bc$2rdamedia
=338  \\$aonline resource$bcr$2rdacarrier
=490  1\$6880-03$aBunko kuseju ;$v453
=504  \\$aIncludes bibliographical references.
=588  \\$aDescription based on print version.
=648  \7$a1800-1899$2fast
=650  \0$aFrench literature$y19th century$xHistory and criticism.
=650  \0$aSymbolism in literature.
=650  \7$aFrench literature.$2fast$0(OCoLC)fst00934688
=650  \7$aSymbolism in literature.$2fast$0(OCoLC)fst01759341
=655  \7$aCriticism, interpretation, etc.$2fast$0(OCoLC)fst01411635
=700  1\$6880-04,$aShimizu, Shigeru,$d1932-$etranslator.
=700  1\$6880-05,$aKubota, Hanʾya,$d1926-$etranslator.
=700  1\$iTranslation of:$aSchmidt, Albert-Marie.$tLa littérature symboliste (1870-1900).
=773  0\$tJapanKnowledge
=776  08$iPrint version:$tShōchō shugi
=830  \0$6880-06$aBunko kuseju$v453.
=856  40$3JapanKnowledge$uhttp://japanknowledge.com/lib/display/?lid=8021004530000$yJapanKnowledge Lib
=880  10$6245-01/{dollar}1$a象徴主義 :$bマラルメからシュールレアリスムまで /$cアルベール=マリ・シュミット著 ; 淸水茂, 窪田般弥共訳.
=880  \1$6264-02/{dollar}1$a東京 :$b白水社,$c1969.
=880  1\$6490-03/{dollar}1$a文庫クセジュ ;$v453
=880  1\$6700-04/{dollar}1$a淸水茂,$d1932-$etranslator.
=880  1\$6700-05/{dollar}1$a窪田般弥,$d1926-$etranslator.
=880  \0$6830-06/{dollar}1$a文庫クセジュ ;$v453.
=859  \\$aORR$bJapanKnowledge
=CAT  \\$aW1704-1242$b00$c20170509$lBLL01$h0927
=CAT  \\$aBATCH-UPD$b00$c20170509$lBLL01$h0928
=CAT  \\$aBATCH-UPD$b00$c20170509$lBLL01$h0938
=CAT  \\$aW2003-0365$c20200305$lBLL01$h1101
=FIN  \\$aY$d20170509
=SID  \\$aZ30$bOCLC
=SRC  \\$aJapanKnowledge_2017$bJK_OCLC20170203.mrc
=LAS  \\$aW2003-0365$b00$c20200305$lBLL01$h1101

