=LDR  02909 am a22006977a 4500
=001  018337780
=003  Uk
=005  20170106042808.0
=006  m\\\\\o\\d\\\\\\\\
=007  cr\|||||||||||
=008  100305s1973\\\\ja\a\\\\ob\\\\000\0\jpn\d
=FMT  \\$a  BK
=019  \\$a297371058
=020  \\$z4582802362$q(v. 2)
=020  \\$z9784582802368$q(v. 2)
=035  \\$a(OCoLC)541078420$z(OCoLC)297371058
=040  \\$aOCLCE$beng$cOCLCE$dOCLCQ$dCUS$dOCLCQ$dOCLCF$dYUS$dOCLCO$dYUS$dOCLCO$dOCLCQ$dYUS$dOCLCO$dUk$epn
=042  \\$adlr
=043  \\$aa-ja---
=050  \4$aLA1311$b.S27 1973
=100  1\$6880-01$aSatō, Seijitsu,$d1839-1908.
=245  10$6880-02$aNihon kyōikushi /$c[chosha Satō Jōjitsu ; kōteisha Naka Arata, Sakai Yutaka].
=250  \\$6880-03$aShohan.
=260  \\$6880-04$aTōkyō :$bHeibonsha,$cShōwa 48 [1973]
=300  \\$a1 online resource (2 volumes) :$billustrations.
=336  \\$atext$btxt$2rdacontent
=337  \\$acomputer$bc$2rdamedia
=338  \\$aonline resource$bcr$2rdacarrier
=490  1\$6880-05$aTōyō bunko ;$v231, 236
=500  \\$6880-06$aReprint. Originally published: Dai Nihon Tosho, 1903.
=504  \\$aIncludes bibliographical references.
=588  0\$aPrint version record.
=650  \0$aEducation$zJapan$xHistory.
=650  \7$aEducation.$2fast$0(OCoLC)fst00902499
=651  \7$aJapan.$2fast$0(OCoLC)fst01204082
=655  \7$aHistory.$2fast$0(OCoLC)fst01411628
=700  1\$6880-07$aNaka, Arata,$d1912-
=700  1\$6880-08$aSakai, Yutaka,$d1944-
=773  0\$tJapanKnowledge
=776  08$iPrint version:$aSatō, Seijitsu, 1839-1908.$tNihon kyōikushi.$bShohan.$dTōkyō : Heibonsha, Shōwa 48 [1973]
=830  \0$6880-09$aTōyō bunko$v231, 236.
=856  40$3JapanKnowledge Volume 1$uhttp://japanknowledge.com/lib/display/?lid=80010V0231P0002$yJapanKnowledge Lib
=856  40$3JapanKnowledge Volume 2$uhttp://japanknowledge.com/lib/display/?lid=80010V0236P0002$yJapanKnowledge Lib
=880  1\$6100-01/{dollar}1$a佐藤誠実,$d1839-1908.
=880  10$6245-02/{dollar}1$a日本教育史 /$c[著者 佐藤誠実 ; 校訂者 仲新, 酒井豊].
=880  \\$6250-03/{dollar}1$a初版.
=880  \\$6260-04/{dollar}1$a東京 :$b平凡社,$c昭和48 [1973]
=880  1\$6490-05/{dollar}1$a東洋文庫 ;$v231, 236
=880  \\$6500-06/{dollar}1$aReprint. Originally published: 大日本圖書, 1903.
=880  1\$6700-07/{dollar}1$a仲新,$d1912-
=880  1\$6700-08/{dollar}1$a酒井豊,$d1944-
=880  \0$6830-09/{dollar}1$a東洋文庫 ;$v231, 236.
=859  \\$aORR$bJapanKnowledge
=CAT  \\$aW1704-1242$b00$c20170509$lBLL01$h0927
=CAT  \\$aBATCH-UPD$b00$c20170509$lBLL01$h0928
=CAT  \\$aBATCH-UPD$b00$c20170509$lBLL01$h0938
=CAT  \\$aW2003-0365$c20200305$lBLL01$h1101
=FIN  \\$aY$d20170509
=SID  \\$aZ30$bOCLC
=SRC  \\$aJapanKnowledge_2017$bJK_OCLC20170203.mrc
=LAS  \\$aW2003-0365$b00$c20200305$lBLL01$h1101

