=LDR  02470 am a22006014i 4500
=001  018337781
=003  Uk
=005  20170106042809.0
=006  m\\\\\o\\d\\\\\\\\
=007  cr\|||||||||||
=008  151113s1955\\\\ja\\\\\\ob\\\\000\0\jpn\d
=FMT  \\$a  BK
=020  \\$z4560051917
=020  \\$z9784560051917
=035  \\$a(OCoLC)929028975
=040  \\$aSTF$beng$cYUS$dOCLCO$dYUS$dOCLCO$dOCLCF$dUk$erda$epn
=041  1\$ajpn$hfre
=050  \4$aDC125$b.M46163 1955
=100  1\$aMéthivier, Hubert,$eauthor.
=240  10$aLouis XIV.$lJapanese
=245  10$6880-01$aRui jūyonsei /$cYubēru Mechivie cho ; Maekawa Teijirō yaku.
=246  3\$aRui jūyon-sei
=246  3\$aRui 14-sei
=264  \1$6880-02$aTōkyō :$bHakusuisha,$c1955.
=300  \\$a1 online resource (151, 1 pages).
=336  \\$atext$btxt$2rdacontent
=337  \\$acomputer$bc$2rdamedia
=338  \\$aonline resource$bcr$2rdacarrier
=490  1\$6880-03$aBunko kuseju ;$v191
=504  \\$aIncludes bibliographical references (page 1 (2nd group)).
=588  \\$aDescription based on print version record.
=600  00$aLouis$bXIV,$cKing of France,$d1638-1715.
=600  07$aLouis$bXIV,$cKing of France,$d1638-1715$2fast$0(OCoLC)fst00054217
=700  1\$6880-04,$aMaekawa, Teijirō,$d1911-$etranslator.
=773  0\$tJapanKnowledge
=776  08$6880-05$iPrint version:$aMéthivier, Hubert.$sLouis XIV. Japanese.$tRui jūyonsei.$bHakusuisha, 1955$dTōkyō :
=830  \0$6880-06$aBunko kuseju$v191.
=856  40$3JapanKnowledge$uhttp://japanknowledge.com/lib/display/?lid=8021001910000$yJapanKnowledge Lib
=880  10$6245-01$aルイ十四世 /$cユベール・メチヴィエ著 ; 前川貞次郎訳.
=880  \1$6264-02$a東京 :$b白水社,$c1955.
=880  1\$6490-03$a文庫クセジュ ;$v191
=880  1\$6700-04$a前川貞次郎,$d1911-$etranslator.
=880  08$6776-05$iPrint version:$aMéthivier, Hubert.$sLouis XIV. Japanese.$tルイ十四世.$d東京 :$b白水社, 1955$w(OCoLC)33649824
=880  \0$6830-06$a文庫クセジュ ;$v191.
=859  \\$aORR$bJapanKnowledge
=CAT  \\$aW1704-1242$b00$c20170509$lBLL01$h0927
=CAT  \\$aBATCH-UPD$b00$c20170509$lBLL01$h0928
=CAT  \\$aBATCH-UPD$b00$c20170509$lBLL01$h0938
=CAT  \\$aW2003-0365$c20200305$lBLL01$h1101
=FIN  \\$aY$d20170509
=SID  \\$aZ30$bOCLC
=SRC  \\$aJapanKnowledge_2017$bJK_OCLC20170203.mrc
=LAS  \\$aW2003-0365$b00$c20200305$lBLL01$h1101

