=LDR  02409 am a22006257a 4500
=001  018337782
=003  Uk
=005  20170106042809.0
=006  m\\\\\o\\d\\\\\\\\
=007  cr\|||||||||||
=008  111006s1995\\\\ja\\\\\\o\\\\\000\0\jpn\d
=FMT  \\$a  BK
=019  \\$a300736029
=020  \\$z4582805914
=020  \\$z9784582805918
=035  \\$a(OCoLC)755992877$z(OCoLC)300736029
=040  \\$aOCLCE$beng$cOCLCE$dCUS$dOCLCQ$dOCLCF$dOCLCQ$dOCLCO$dYUS$dOCLCO$dYUS$dOCLCO$dOCLCQ$dOCLCO$dYUS$dOCLCO$dUk$epn
=041  0\$ajpn$hmon
=042  \\$adlr
=050  \4$aPL416.5.J3$bJ37 1995
=130  0\$aJan︠g︡ḣr.$kSelections.$lJapanese.
=245  00$6880-01$aJangaru :$bMongoru eiyū jojishi 2 /$cWakamatsu Hiroshi yaku.
=246  30$6880-02$aMongoru eiyū jojishi 2
=250  \\$6880-03$aShohan.
=260  \\$6880-04$aTōkyō :$bHeibonsha,$c1995.
=300  \\$a1 online resource (308 pages).
=336  \\$atext$btxt$2rdacontent
=337  \\$acomputer$bc$2rdamedia
=338  \\$aonline resource$bcr$2rdacarrier
=490  1\$6880-05$aTōyō bunko ;$v591
=588  0\$aPrint version record.
=650  \0$aEpic poetry, Mongolian$vTranslations into Japanese.
=650  \7$aEpic poetry, Mongolian.$2fast$0(OCoLC)fst00913982
=655  \7$aTranslations.$2fast$0(OCoLC)fst01423791
=700  1\$6880-06$aWakamatsu, Hiroshi,$d1937-
=773  0\$tJapanKnowledge
=776  08$iPrint version:$tJangaru.$bShohan.$dTōkyō : Heibonsha, 1995$z4582805914
=830  \0$6880-07$aTōyō bunko$v591.
=856  40$3JapanKnowledge$uhttp://japanknowledge.com/lib/display/?lid=80010V0591P0002$yJapanKnowledge Lib
=880  00$6245-01/{dollar}1$aジャンガル :$bモンゴル英雄叙事詩 2 /$c若松寬訳.
=880  30$6246-02/{dollar}1$aモンゴル英雄叙事詩 2
=880  \\$6250-03/{dollar}1$a初版.
=880  \\$6260-04/{dollar}1$a東京 :$b平凡社,$c1995.
=880  1\$6490-05/{dollar}1$a東洋文庫 ;$v591
=880  1\$6700-06/{dollar}1$a若松寬,$d1937-
=880  \0$6830-07/{dollar}1$a東洋文庫 ;$v591.
=859  \\$aORR$bJapanKnowledge
=CAT  \\$aW1704-1242$b00$c20170509$lBLL01$h0927
=CAT  \\$aBATCH-UPD$b00$c20170509$lBLL01$h0928
=CAT  \\$aBATCH-UPD$b00$c20170509$lBLL01$h0938
=CAT  \\$aW2003-0365$c20200305$lBLL01$h1101
=FIN  \\$aY$d20170509
=SID  \\$aZ30$bOCLC
=SRC  \\$aJapanKnowledge_2017$bJK_OCLC20170203.mrc
=LAS  \\$aW2003-0365$b00$c20200305$lBLL01$h1101

