=LDR  02687 am a22006497a 4500
=001  018337783
=003  Uk
=005  20170106042809.0
=006  m\\\\\o\\d\\\\\\\\
=007  cr\un|||||||||
=008  090201s1967\\\\ja\ac\\\o\\\\\000\0\jpn\d
=FMT  \\$a  BK
=019  \\$a756196331
=035  \\$a(OCoLC)301048100$z(OCoLC)756196331
=040  \\$aOCLCE$beng$cOCLCE$dOCLCQ$dCUS$dOCLCQ$dOCLCO$dOCLCF$dOCLCQ$dYUS$dOCLCO$dYUS$dOCLCO$dOCLCA$dOCLCQ$dYUS$dOCLCO$dUk$epn
=041  1\$ajpn$hchi
=042  \\$adlr
=043  \\$aa-cc---
=050  \4$aHV7119$b.L319 1967
=050  \4$aPL2718.A5$bL8 1967
=100  1\$6880-01$aLan, Dingyuan,$d1680-1733
=240  10$6880-02$aLuzhou gong an.$lJapanese
=245  10$6880-03$aRokushū kōan :$bShinchō chihō saibankan no kiroku /$cRan Teigen cho ; Miyazaki Ichisada yaku.
=250  \\$6880-04$aShohan.
=260  \\$6880-05$aTōkyō :$bHeibonsha,$c1967$g(1982 printing)
=300  \\$a1 online resource (218 pages) :$billustrations, portrait.
=336  \\$atext$btxt$2rdacontent
=337  \\$acomputer$bc$2rdamedia
=338  \\$aonline resource$bcr$2rdacarrier
=490  1\$6880-06$aTōyō bunko ;$v92
=588  0\$aPrint version record.
=650  \0$aDetective and mystery stories, Chinese.
=650  \7$aDetective and mystery stories, Chinese.$2fast$0(OCoLC)fst00891507
=653  \\$6880-07$aHōseishi$aChūgoku$aShinjidai.
=700  1\$6880-08$aMiyazaki, Ichisada,$d1901-1995
=773  0\$tJapanKnowledge
=776  08$iPrint version:$aLan, Dingyuan, 1680-1733.$sLuzhou gong an. Japanese.$tRokushū kōan.$bShohan.$dTōkyō : Heibonsha, 1967
=830  \0$6880-09$aTōyō bunko$v92.
=856  40$3JapanKnowledge$uhttp://japanknowledge.com/lib/display/?lid=80010V0092P0002$yJapanKnowledge Lib
=880  1\$6100-01/{dollar}1$a藍鼎元,$d1680-1733.
=880  10$6240-02/{dollar}1$a鹿洲公案.$lJapanese
=880  10$6245-03/{dollar}1$a鹿洲公案 :$b清朝地方裁判官 の記錄 /$c藍鼎元著 ; 宮崎市定訳.
=880  \\$6250-04/{dollar}1$a初版.
=880  \\$6260-05/{dollar}1$a東京 :$b平凡社,$c1967$g(1982 printing)
=880  1\$6490-06/{dollar}1$a東洋文庫 ;$v92
=880  \\$6653-07/{dollar}1$a法制史$a中国$a淸時代.
=880  1\$6700-08/{dollar}1$a宮崎市定,$d1901-
=880  \0$6830-09/{dollar}1$a東洋文庫 ;$v92.
=859  \\$aORR$bJapanKnowledge
=CAT  \\$aW1704-1242$b00$c20170509$lBLL01$h0927
=CAT  \\$aBATCH-UPD$b00$c20170509$lBLL01$h0928
=CAT  \\$aBATCH-UPD$b00$c20170509$lBLL01$h0938
=CAT  \\$aW2003-0365$c20200305$lBLL01$h1101
=FIN  \\$aY$d20170509
=SID  \\$aZ30$bOCLC
=SRC  \\$aJapanKnowledge_2017$bJK_OCLC20170203.mrc
=LAS  \\$aW2003-0365$b00$c20200305$lBLL01$h1101

