=LDR  02445 am a22006134i 4500
=001  018337784
=003  Uk
=005  20170106042810.0
=006  m\\\\\o\\d\\\\\\\\
=007  cr\|||||||||||
=008  160115s2005\\\\ja\\\\\\ob\\\\000\0\jpnrd
=FMT  \\$a  BK
=020  \\$z4560508860
=020  \\$z9784560508862
=035  \\$a(OCoLC)934799146
=040  \\$aSTF$beng$cYUS$dOCLCO$dYUS$dOCLCO$dUk$erda$epn
=041  1\$ajpn$hfre
=043  \\$ae-it---
=050  \4$aML1733$b.V3163 2005
=100  1\$aVan, Gilles de,$eauthor.
=240  10$aOpéra italien.$lJapanese
=245  10$6880-01$aItaria opera /$cJiru do Van cho ; Mori Tatsuko yaku.
=264  \1$6880-02$aTōkyō :$bHakusuisha,$c2005.
=300  \\$a1 online resource.
=336  \\$atext$btxt$2rdacontent
=337  \\$acomputer$bc$2rdamedia
=338  \\$aonline resource$bcr$2rdacarrier
=490  1\$6880-03$aBunko kuseju ;$v886
=500  \\$aTranslation of: L'opéra italien. Paris : Presses universitaires de France, 2000.
=504  \\$aIncludes bibliographical references (page i).
=588  \\$aDescription based on print version.
=650  \0$aOpera$zItaly$xHistory and criticism.
=650  \0$aOpera$zItaly.
=650  \7$aOpera.$2fast$0(OCoLC)fst01046145
=651  \7$aItaly.$2fast$0(OCoLC)fst012045657001
=700  1\$6880-04$aMori, Tasuko,$etranslator.
=773  0\$tJapanKnowledge
=776  08$6880-05$iPrint version:$aVan, Gilles de.$sOpéra italien. Japanese.$tItaria opera.$dTōkyō : Hakusuisha, 2005
=830  \0$6880-06$aBunko kuseju$v886.
=856  40$3JapanKnowledge$uhttp://japanknowledge.com/lib/display/?lid=8021008860000$yJapanKnowledge Lib
=880  10$6245-01$aイタリアオペラ /$cジル・ド・ヴァン著 ; 森立子訳.
=880  \1$6264-02$a東京 :$b白水社,$c2005.
=880  1\$6490-03$a文庫クセジュ ;$v886
=880  1\$6700-04$a森立子,$etranslator.
=880  08$6776-05$iPrint version:$aVan, Gilles de.$sOpéra italien. Japanese.$tイタリアオペラ.$d東京 : 白水社, 2005$w(OCoLC)65342286
=880  \0$6830-06$a文庫クセジュ ;$v886.
=859  \\$aORR$bJapanKnowledge
=CAT  \\$aW1704-1242$b00$c20170509$lBLL01$h0927
=CAT  \\$aBATCH-UPD$b00$c20170509$lBLL01$h0928
=CAT  \\$aW2003-0365$c20200305$lBLL01$h1101
=FIN  \\$aY$d20170509
=SID  \\$aZ30$bOCLC
=SRC  \\$aJapanKnowledge_2017$bJK_OCLC20170203.mrc
=LAS  \\$aW2003-0365$b00$c20200305$lBLL01$h1101

