=LDR  02303 am a22005657a 4500
=001  018337785
=003  Uk
=005  20170106042810.0
=006  m\\\\\o\\d\\\\\\\\
=007  cr\|||||||||||
=008  101115s1981\\\\ja\\\\\\ob\\\\000\0\jpn\d
=FMT  \\$a  BK
=019  \\$a301305685$a646018058
=035  \\$a(OCoLC)681504296$z(OCoLC)301305685$z(OCoLC)646018058
=040  \\$aOCLCE$beng$cOCLCE$dOCLCA$dOCLCQ$dCUS$dOCLCQ$dOCLCA$dOCLCO$dOCLCQ$dOCLCA$dYUS$dOCLCO$dYUS$dCUS$dOCLCO$dOCLCQ$dYUS$dOCLCO$dUk$epn
=041  1\$ajpn$hper
=042  \\$adlr
=050  \4$aAC145$b.T75 v.394
=100  0\$aNiẓāmī Ganjavī,$d1140 or 1141-1202 or 1203.
=240  10$aLaylī va Majnūn.$lJapanese
=245  10$6880-01$aRaira to Majunūn /$cNizāmī ; Okada Emiko yaku.
=250  \\$6880-02$aShohan.
=260  \\$6880-03$aTōkyō :$bHeibonsha,$c1981.
=300  \\$a1 online resource (207 pages).
=336  \\$atext$btxt$2rdacontent
=337  \\$acomputer$bc$2rdamedia
=338  \\$aonline resource$bcr$2rdacarrier
=490  1\$6880-04$aTōyō bunko ;$v394
=504  \\$aIncludes bibliographical references (pages 206-207).
=588  0\$aPrint version record.
=700  1\$6880-05$aOkada, Emiko,$d1932-
=773  0\$tJapanKnowledge
=776  08$iPrint version:$aNiẓāmī Ganjavī, 1140 or 41-1202 or 3.$sLaylī va Majnūn. Japanese.$tRaira to Majunūn.$bShohan.$dTōkyō : Heibonsha, 1981
=830  \0$6880-06$aTōyō bunko$v394.
=856  40$3JapanKnowledge$uhttp://japanknowledge.com/lib/display/?lid=80010V0394P0002$yJapanKnowledge Lib
=880  10$6245-01/{dollar}1$aライラとマジュヌーン /$cニザーミー ; 岡田恵美子訳.
=880  \\$6250-02/{dollar}1$a初版.
=880  \\$6260-03/{dollar}1$a東京 :$b平凡社,$c1981.
=880  1\$6490-04/{dollar}1$a東洋文庫 ;$v394
=880  1\$6700-05/{dollar}1$a岡田恵美子,$d1932-
=880  \0$6830-06/{dollar}1$a東洋文庫 ;$v394.
=859  \\$aORR$bJapanKnowledge
=CAT  \\$aW1704-1242$b00$c20170509$lBLL01$h0927
=CAT  \\$aBATCH-UPD$b00$c20170509$lBLL01$h0929
=CAT  \\$aBATCH-UPD$b00$c20170509$lBLL01$h0938
=CAT  \\$aW2003-0365$c20200305$lBLL01$h1101
=FIN  \\$aY$d20170509
=SID  \\$aZ30$bOCLC
=SRC  \\$aJapanKnowledge_2017$bJK_OCLC20170203.mrc
=LAS  \\$aW2003-0365$b00$c20200305$lBLL01$h1101

