=LDR  02824 am a22006497a 4500
=001  018337786
=003  Uk
=005  20170106042810.0
=006  m\\\\\o\\d\\\\\\\\
=007  cr\|||||||||||
=008  110925m19992002ja\ab\\\ob\\\\000\1\jpn\d
=FMT  \\$a  BK
=019  \\$a928950149
=020  \\$z4096580147$q(v. 1)
=020  \\$z9784096580141$q(v. 1)
=035  \\$a(OCoLC)754571848$z(OCoLC)928950149
=040  \\$aOCLCE$beng$cOCLCE$dOCLCQ$dOCLCO$dOCLCQ$dOCLCF$dYUS$dOCLCO$dOCLCQ$dYUS$dOCLCO$dUk$epn
=050  \4$aPL787$b.U7 1999
=084  \\$a918$2njb/9
=245  00$6880-01$aUtsuho monogatari /$ckōchū, yaku Nakano Kōichi.
=250  \\$6880-02$aDai 1-han.
=260  \\$6880-03$aTōkyō :$bShōgakkan,$c1999-2002.
=300  \\$6880-04$a1 online resource (3 volumes) :$billustrations, maps.
=336  \\$atext$btxt$2rdacontent
=337  \\$acomputer$bc$2rdamedia
=338  \\$aonline resource$bcr$2rdacarrier
=490  1\$6880-05$aShinpen Nihon koten bungaku zenshū ;$v14-16
=500  \\$6880-06$aFiction.
=504  \\$aIncludes bibliographical references.
=588  0\$aPrint version record.
=630  00$aUtsuho monogatari.
=630  07$aUtsuho monogatari.$2fast$0(OCoLC)fst01362159
=700  1\$6880-07$aNakano, Kōichi.
=773  0\$tJapanKnowledge
=776  08$iPrint version:$tUtsuho monogatari.$bDai 1-han.$dTōkyō : Shōgakkan, 1999-2002
=830  \0$6880-08$aShinpen Nihon koten bungaku zenshū$v14-16.
=856  40$3JapanKnowledge$uhttp://japanknowledge.com/lib/display/?lid=80110V00140013$yJapanKnowledge Lib
=880  0\$6130-00/{dollar}1$a宇津保物語.
=880  10$6245-01/{dollar}1$aうつほ物語 /$c校注・訳中野幸一.
=880  \\$6250-02/{dollar}1$a第1版.
=880  \\$6260-03/{dollar}1$a東京 :$b小学館,$c1999-2002.
=880  \1$6264-00/{dollar}1$a東京 :$b小学館,$c1999-2002.
=880  \\$6300-04/{dollar}1$a1 online resource (3冊 :$b挿図 地図.
=880  1\$6490-05/{dollar}1$a新編日本古典文学全集 ;$v14-16
=880  \\$6500-06/{dollar}1$a底本: 尊経閣文庫蔵前田家各筆本その他.
=880  00$6505-00/{dollar}1$g1 .$t俊蔭, 藤原の君, 忠こそ, 春日詣, 嵯峨の院, 吹上上, 祭の使, 吹上下. --$g2 .$t菊の宴, あて宮, 内侍のかみ, 沖つ白波, 蔵開. --$g3 .$t国譲上, 国譲中, 国譲下, 楼の上上, 楼の上下.
=880  1\$6700-07/{dollar}1$a中野幸一.
=880  \0$6830-08/{dollar}1$a新編日本古典文学全集 ;$v14-16.
=859  \\$aORR$bJapanKnowledge
=CAT  \\$aW1704-1242$b00$c20170509$lBLL01$h0927
=CAT  \\$aBATCH-UPD$b00$c20170509$lBLL01$h0929
=CAT  \\$aW2003-0365$c20200305$lBLL01$h1101
=CAT  \\$aBATCH-UPD$b00$c20200918$lBLL01$h2045
=FIN  \\$aY$d20170509
=SID  \\$aZ30$bOCLC
=SRC  \\$aJapanKnowledge_2017$bJK_OCLC20170203.mrc
=LAS  \\$aBATCH-UPD$b00$c20200918$lBLL01$h2045

