=LDR  02170 am a22005534i 4500
=001  018337787
=003  Uk
=005  20170106042811.0
=006  m\\\\\o\\d\\\\\\\\
=007  cr\|||||||||||
=008  151113s1989\\\\ja\\\\\\o\\\\\000\0\jpn\d
=FMT  \\$a  BK
=020  \\$z4560057001
=020  \\$z9784560057001
=035  \\$a(OCoLC)929030681
=040  \\$aYUS$beng$cYUS$dYUS$dOCLCO$dOCLCF$dUk$erda$epn
=041  1\$ajpn$hfre
=100  10$aNys, Carl de,$eauthor.
=240  10$aMusique religieuse de Mozart.$lJapanese
=245  00$6880-01$aMōtsaruto no shūkyō ongaku /$cKaruru do Ni cho ; Sagara Noriaki yaku.
=264  \1$6880-02$aTōkyō :$bHakusuisha,$c1989.
=300  \\$a1 online resource.
=336  \\$atext$btxt$2rdacontent
=337  \\$acomputer$bc$2rdamedia
=338  \\$aonline resource$bcr$2rdacarrier
=490  1\$6880-03$aBunko kuseju ;$v700
=588  \\$aDescription based on print version.
=600  10$aMozart, Wolfgang Amadeus,$d1756-1791$xCriticism and interpretation.
=600  17$aMozart, Wolfgang Amadeus,$d1756-1791$2fast$0(OCoLC)fst00050702
=655  \7$aCriticism, interpretation, etc.$2fast$0(OCoLC)fst01411635
=700  1\$6880-04$aSagara, Noriaki,$d1943-
=773  0\$tJapanKnowledge
=776  08$iPrint version:$tMōtwaruto no shūkyō ongaku.
=830  \0$6880-05$aBunko kuseju$v700.
=856  40$3JapanKnowledge$uhttp://japanknowledge.com/lib/display/?lid=8021007000000$yJapanKnowledge Lib
=880  00$6245-01/{dollar}1$aモーツァルトの宗敎音楽 /$cカルル・ド・ニ著 ; 相良憲昭訳.
=880  \1$6264-02/{dollar}1$a東京 :$b白水社,$c1989.
=880  1\$6490-03/{dollar}1$a文庫クセジュ ;$v700
=880  1\$6700-04/{dollar}1$a相良憲昭,$d1943-
=880  \0$6830-05/{dollar}1$a文庫クセジュ ;$v700.
=859  \\$aORR$bJapanKnowledge
=CAT  \\$aW1704-1242$b00$c20170509$lBLL01$h0927
=CAT  \\$aBATCH-UPD$b00$c20170509$lBLL01$h0929
=CAT  \\$aBATCH-UPD$b00$c20170509$lBLL01$h0938
=CAT  \\$aW2003-0365$c20200305$lBLL01$h1101
=FIN  \\$aY$d20170509
=SID  \\$aZ30$bOCLC
=SRC  \\$aJapanKnowledge_2017$bJK_OCLC20170203.mrc
=LAS  \\$aW2003-0365$b00$c20200305$lBLL01$h1101

