=LDR  02107 am a22005654i 4500
=001  018337788
=003  Uk
=005  20170106042811.0
=006  m\\\\\o\\d\\\\\\\\
=007  cr\|||||||||||
=008  151113s2000\\\\ja\\\\\\o\\\\\000\0\jpn\d
=FMT  \\$a  BK
=020  \\$z4560058261
=020  \\$z9784560058268
=035  \\$a(OCoLC)929031189
=040  \\$aCNEAL$beng$cYUS$dOCLCO$dYUS$dOCLCO$dOCLCF$dUk$erda$epn
=041  1\$ajpn$hfre
=050  \4$aDS525$b.L4165 2000
=100  10$aLê, Thành Khôi,$d1923-$eauthor.
=240  10$aHistoire de l'Asie du sud-est.$lJapanese
=245  10$6880-01$aTonan Ajia shi /$cRei Tan Koi cho ; Ishizawa Yoshiaki yaku.
=264  \1$6880-02$aTokyo :$bHakusuisha,$c2000.
=300  \\$a1 online resource.
=336  \\$atext$btxt$2rdacontent
=337  \\$acomputer$bc$2rdamedia
=338  \\$aonline resource$bcr$2rdacarrier
=490  1\$6880-03$aBunko kuseju ;$v826
=500  \\$aTranslation of: Histoire de l'Asie du sud-est.
=588  \\$aDescription based on print version.
=651  \0$aSoutheast Asia$xHistory.
=651  \7$aSoutheast Asia.$2fast$0(OCoLC)fst01240499
=655  \7$aHistory.$2fast$0(OCoLC)fst01411628
=700  1\$6880-04$aIshizawa, Yoshiaki,$d1937-
=773  0\$tJapanKnowledge
=776  08$iPrint version:$tTonan Ajia shi
=830  \0$6880-05$aBunko kuseju$v826.
=856  40$3JapanKnowledge$uhttp://japanknowledge.com/lib/display/?lid=8021008260000$yJapanKnowledge Lib
=880  10$6245-01/{dollar}1$a東南アジア史 /$cレイ・タン・コイ著 ; 石澤良昭訳.
=880  \1$6264-02/{dollar}1$a東京 :$b白水社,$c2000.
=880  1\$6490-03/{dollar}1$a文庫クセジュ ;$v826
=880  1\$6700-04/{dollar}1$a石沢, 良昭,$d1937-
=880  \0$6830-05/{dollar}1$a文庫クセジュ ;$v826.
=859  \\$aORR$bJapanKnowledge
=CAT  \\$aW1704-1242$b00$c20170509$lBLL01$h0927
=CAT  \\$aBATCH-UPD$b00$c20170509$lBLL01$h0929
=CAT  \\$aW2003-0365$c20200305$lBLL01$h1101
=FIN  \\$aY$d20170509
=SID  \\$aZ30$bOCLC
=SRC  \\$aJapanKnowledge_2017$bJK_OCLC20170203.mrc
=LAS  \\$aW2003-0365$b00$c20200305$lBLL01$h1101

