=LDR  02154 am a22005174i 4500
=001  018337789
=003  Uk
=005  20170106042812.0
=006  m\\\\\o\\d\\\\\\\\
=007  cr\|||||||||||
=008  151112m19961998ja\acf\\od\\\\000\0\jpn\d
=FMT  \\$a  BK
=020  \\$z4081430012
=020  \\$z9784081430017
=035  \\$a(OCoLC)928950373
=040  \\$aYUS$beng$cYUS$dOCLCO$dYUS$dOCLCO$dUk$erda$epn
=050  14$aPN41$b.S58 1996x
=245  00$6880-01$aShūeisha sekai bungaku daijiten =$bThe Shueisha dictionary of world literature /$c[hensha "Sekai Bungaku Daijiten" Henshū Iinkai].
=246  1\$6880-02$aDejitaru-ban Shūeisha sekai bungaku daijiten
=246  31$aShueisha dictionary of world literature
=264  \1$6880-03$aTōkyō :$bShūeisha,$c1996-1998.
=300  \\$a1 online resource
=336  \\$atext$btxt$2rdacontent
=337  \\$acomputer$bc$2rdamedia
=338  \\$aonline resource$bcr$2rdacarrier
=546  \\$aIn Japanese.
=588  \\$aDescription based on print version.
=650  \0$aLiterature$vDictionaries$xJapanese.
=650  \7$aLiterature.$2fast$0(OCoLC)fst00999953
=655  \7$aDictionaries.$2fast$0(OCoLC)fst01423826
=710  2\$6880-04$aShūeisha.$bSekai Bungaku Daijiten Henshū Iinkai.
=773  0\$tJapanKnowledge
=776  08$iPrint version:$tShūeisha sekai bungaku daijiten
=856  40$3JapanKnowledge$uhttp://japanknowledge.com/lib/search/basic/?cids=52310$yJapanKnowledge Lib
=880  00$6245-01$a集英社世界文学大事典 =$bThe Shueisha dictionary of world literature /$c[編者「世界文学大事典」編集委員会].
=880  1\$6246-02$aデジタル版集英社世界文学大事典
=880  \1$6264-03$a東京 :$b集英社,$c1996-1998.
=880  2\$6710-04$a集英社.$b世界文学大事典編集委員会.
=859  \\$aORR$bJapanKnowledge
=CAT  \\$aW1704-1242$b00$c20170509$lBLL01$h0927
=CAT  \\$aBATCH-UPD$b00$c20170509$lBLL01$h0929
=CAT  \\$aW2003-0365$c20200305$lBLL01$h1101
=FIN  \\$aY$d20170509
=SID  \\$aZ30$bOCLC
=SRC  \\$aJapanKnowledge_2017$bJK_OCLC20170203.mrc
=LAS  \\$aW2003-0365$b00$c20200305$lBLL01$h1101

