=LDR  02466 am a22006377a 4500
=001  018337790
=003  Uk
=005  20170106042812.0
=006  m\\\\\o\\d\\\\\\\\
=007  cr\|||||||||||
=008  100702s1979\\\\ja\ab\\\o\\\\\000\0\jpn\d
=FMT  \\$a  BK
=019  \\$a301314649
=035  \\$a(OCoLC)645887968$z(OCoLC)301314649
=040  \\$aOCLCE$beng$cOCLCE$dCUS$dOCLCQ$dOCLCO$dOCLCQ$dOCLCF$dYUS$dOCLCO$dYUS$dOCLCO$dOCL$dOCLCQ$dYUS$dOCLCO$dUk$epn
=041  1\$ajpn$hkor
=042  \\$adlr
=043  \\$aa-kr---
=050  \4$aDS913$b.Y94 1974
=100  1\$6880-01$aYu, Sŏng-nyong,$d1542-1607
=240  10$6880-02$aChingbirok.$lJapanese
=245  10$6880-03$aChōhiroku /$cRyū Seiryū ; Boku Shōmei yakuchū.
=250  \\$6880-04$aShohan.
=260  \\$6880-05$aTōkyō :$bHeibonsha,$c1979.
=300  \\$a1 online resource (ix, 324 pages) :$billustrations, map.
=336  \\$atext$btxt$2rdacontent
=337  \\$acomputer$bc$2rdamedia
=338  \\$aonline resource$bcr$2rdacarrier
=490  1\$6880-06$aTōyō bunko ;$v357
=588  0\$aPrint version record.
=611  27$aJapanese Invasions of Korea (1592-1598)$2fast$0(OCoLC)fst01353442
=648  \7$a1592-1598$2fast
=651  \0$aKorea$xHistory$yJapanese Invasions, 1592-1598.
=651  \7$aKorea.$2fast$0(OCoLC)fst01206434
=655  \7$aHistory.$2fast$0(OCoLC)fst01411628
=700  1\$6880-07$aPak, Chong-myŏng.
=773  0\$tJapanKnowledge
=776  08$iPrint version:$aYu, Sŏng-nyong, 1542-1607.$sChingbirok. Japanese.$tChōhiroku.$bShohan.$dTōkyō : Heibonsha, 1979
=830  \0$6880-08$aTōyō bunko$v357.
=856  40$3JapanKnowledge$uhttp://japanknowledge.com/lib/display/?lid=80010V0357P0003$yJapanKnowledge Lib
=880  1\$6100-01/{dollar}1$a柳成竜,$d1542-1607.
=880  10$6240-02/{dollar}1$a懲毖錄.$lJapanese
=880  10$6245-03/{dollar}1$a懲毖錄 /$c柳成竜 ; 朴鐘鳴訳注.
=880  \\$6250-04/{dollar}1$a初版.
=880  \\$6260-05/{dollar}1$a東京 :$b平凡社,$c1979.
=880  1\$6490-06/{dollar}1$a東洋文庫 ;$v357
=880  1\$6700-07/{dollar}1$a朴鐘鳴.
=880  \0$6830-08/{dollar}1$a東洋文庫 ;$v357.
=859  \\$aORR$bJapanKnowledge
=CAT  \\$aW1704-1242$b00$c20170509$lBLL01$h0927
=CAT  \\$aBATCH-UPD$b00$c20170509$lBLL01$h0929
=CAT  \\$aW2003-0365$c20200305$lBLL01$h1101
=FIN  \\$aY$d20170509
=SID  \\$aZ30$bOCLC
=SRC  \\$aJapanKnowledge_2017$bJK_OCLC20170203.mrc
=LAS  \\$aW2003-0365$b00$c20200305$lBLL01$h1101

