=LDR  02742 am a22006857a 4500
=001  018337791
=003  Uk
=005  20170106042812.0
=006  m\\\\\o\\d\\\\\\\\
=007  cr\|||||||||||
=008  100324s1987\\\\ja\a\\\\o\\\\\000\0\jpn\d
=FMT  \\$a  BK
=019  \\$a607637020
=020  \\$z4582804640
=020  \\$z4582804659$q(v. 2)
=020  \\$z9784582804645
=020  \\$z9784582804652$q(v. 2)
=035  \\$a(OCoLC)567992394$z(OCoLC)607637020
=040  \\$aOCLCE$beng$cOCLCE$dOCLCQ$dCUS$dOCLCQ$dOCLCA$dOCLCQ$dOCLCO$dOCLCQ$dOCLCF$dYUS$dOCLCO$dYUS$dOCLCO$dOCLCQ$dYUS$dOCLCO$dUk$epn
=041  1\$ajpn$hchi
=042  \\$adlr
=043  \\$aa-cc---$aa-cc-ki
=050  \4$aNK4566.C46$bL3616 1987
=100  1\$6880-01$aLan, Pu,$d-1795
=240  10$6880-02$aJingde Zhen tao lu.$lJapanese
=245  10$6880-03$aKeitokuchin tōroku /$cRan Ho ; Otagi Matsuo yakuchū.
=250  \\$6880-04$aShohan.
=260  \\$6880-05$aTōkyō :$bHeibonsha,$c1987.
=300  \\$a1 online resource (2 volumes) :$billustrations.
=336  \\$atext$btxt$2rdacontent
=337  \\$acomputer$bc$2rdamedia
=338  \\$aonline resource$bcr$2rdacarrier
=490  1\$6880-06$aTōyō bunko ;$v464-465
=588  0\$aPrint version record.
=650  \0$aPorcelain, Chinese$zChina$zJingdezhen.
=650  \7$aPorcelain, Chinese.$2fast$0(OCoLC)fst01071734
=651  \7$aChina$zJingdezhen.$2fast$0(OCoLC)fst01217019
=700  1\$6880-07$aOtagi, Matsuo,$d1912-2004
=773  0\$tJapanKnowledge
=776  08$iPrint version:$aLan, Pu, -1795.$sJingde Zhen tao lu. Japanese.$tKeitokuchin tōroku.$bShohan.$dTōkyō : Heibonsha, 1987
=830  \0$6880-08$aTōyō bunko$v464-465.
=856  40$3JapanKnowledge Volume 1$uhttp://japanknowledge.com/lib/display/?lid=80010V0464P0002$yJapanKnowledge Lib
=856  40$3JapanKnowledge Volume 2$uhttp://japanknowledge.com/lib/display/?lid=80010V0465P0002$yJapanKnowledge Lib
=880  1\$6100-01/{dollar}1$a藍浦,$d-1795.
=880  10$6240-02/{dollar}1$a景徳鎮陶錄.$lJapanese
=880  10$6245-03/{dollar}1$a景徳鎮陶錄 /$c藍浦 ; 愛宕松男訳注.
=880  \\$6250-04/{dollar}1$a初版.
=880  \\$6260-05/{dollar}1$a東京 :$b平凡社,$c1987.
=880  1\$6490-06/{dollar}1$a東洋文庫 ;$v464-465
=880  1\$6700-07/{dollar}1$a愛宕松男,$d1912-2004.
=880  \0$6830-08/{dollar}1$a東洋文庫 ;$v464-465.
=859  \\$aORR$bJapanKnowledge
=CAT  \\$aW1704-1242$b00$c20170509$lBLL01$h0927
=CAT  \\$aBATCH-UPD$b00$c20170509$lBLL01$h0929
=CAT  \\$aBATCH-UPD$b00$c20170509$lBLL01$h0938
=CAT  \\$aW2003-0365$c20200305$lBLL01$h1101
=FIN  \\$aY$d20170509
=SID  \\$aZ30$bOCLC
=SRC  \\$aJapanKnowledge_2017$bJK_OCLC20170203.mrc
=LAS  \\$aW2003-0365$b00$c20200305$lBLL01$h1101

