=LDR  02474 am a22006137i 4500
=001  018337792
=003  Uk
=005  20170106042813.0
=006  m\\\\\o\\d\\\\\\\\
=007  cr\|||||||||||
=008  110111s1966\\\\ja\c\\\\o\\\\\000\0\jpn\d
=FMT  \\$a  BK
=035  \\$a(OCoLC)696253420
=040  \\$aOCLCE$beng$cOCLCE$dOCLCQ$dCUS$dOCLCQ$dOCLCO$dOCLCF$dOCLCQ$dYUS$dOCLCO$dOCL$dYUS$dOCLCO$dOCLCQ$dYUS$dOCLCO$dUk$epn
=042  \\$adlr
=043  \\$aa-ja---
=050  \4$aDS882.5$b.N64
=100  1\$6880-01$aNojima, Ikutarō,$d1867-1936
=245  10$6880-02$aKabasan jiken :$bminkenha gekikyo no kiroku /$cNojima Ikutarō cho ; Hayashi Motoi, Endō Shizuo hen.
=260  \\$6880-03$aTōkyō :$bHeibonsha,$cShōwa 41 [1966]
=300  \\$a1 online resource (4, 400 pages) :$bportraits.
=336  \\$atext$btxt$2rdacontent
=337  \\$acomputer$bc$2rdamedia
=338  \\$aonline resource$bcr$2rdacarrier
=490  1\$6880-04$aTōyō bunko ;$v79
=588  0\$aPrint version record.
=611  27$aKabasan Uprising (1884)$2fast$0(OCoLC)fst00985585
=648  \7$a1884$2fast
=650  \0$aKabasan Uprising, 1884.
=653  \\$6880-05$aKabasanjiken (1884)
=700  1\$6880-06$aHayashi, Motoi,$d1914-
=700  1\$6880-07$aEndō, Shizuo,$d1924-1998
=773  0\$tJapanKnowledge
=776  08$iPrint version:$aNojima, Ikutarō.$tKabasan jiken.$dTōkyō : Heibonsha, Shōwa 41 [1966]
=830  \0$6880-08$aTōyō bunko$v79.
=856  40$3JapanKnowledge$uhttp://japanknowledge.com/lib/display/?lid=80010V0079P0002$yJapanKnowledge Lib
=880  1\$6100-01/{dollar}1$a野島幾太郎,$d1867-1936.
=880  10$6245-02/{dollar}1$a加波山事件 :$b民権派激挙の記錄 /$c野島幾太郎著 ; 林基, 遠藤鎮雄編.
=880  \\$6260-03/{dollar}1$a東京 :$b平凡社,$c昭和41 [1966]
=880  \\$6250-00/{dollar}1$a初版.
=880  1\$6490-04/{dollar}1$a東洋文庫 ;$v79
=880  \\$6653-05/{dollar}1$a加波山事件(1884)
=880  1\$6700-06/{dollar}1$a林基,$d1914-
=880  1\$6700-07/{dollar}1$a遠藤鎮雄,$d1924-1998.
=880  \0$6830-08/{dollar}1$a東洋文庫 ;$v79.
=859  \\$aORR$bJapanKnowledge
=CAT  \\$aW1704-1242$b00$c20170509$lBLL01$h0927
=CAT  \\$aBATCH-UPD$b00$c20170509$lBLL01$h0929
=CAT  \\$aBATCH-UPD$b00$c20170509$lBLL01$h0938
=CAT  \\$aW2003-0365$c20200305$lBLL01$h1101
=FIN  \\$aY$d20170509
=SID  \\$aZ30$bOCLC
=SRC  \\$aJapanKnowledge_2017$bJK_OCLC20170203.mrc
=LAS  \\$aW2003-0365$b00$c20200305$lBLL01$h1101

