=LDR  02811 am a22006857a 4500
=001  018337793
=003  Uk
=005  20170106042813.0
=006  m\\\\\o\\d\\\\\\\\
=007  cr\|||||||||||
=008  111013s1989\\\\ja\a\\\\o\\\\\000\0\jpn\d
=FMT  \\$a  BK
=019  \\$a644671480
=020  \\$z4582805078
=020  \\$z9784582805079
=035  \\$a(OCoLC)757136980$z(OCoLC)644671480
=040  \\$aOCLCE$beng$cOCLCE$dCUS$dOCLCQ$dOCLCA$dOCLCQ$dOCLCO$dOCLCA$dOCLCQ$dOCLCF$dYUS$dOCLCO$dYUS$dOCLCO$dOCLCQ$dYUS$dOCLCO$dUk$epn
=041  1\$ajpn$achi$hchi
=042  \\$adlr
=043  \\$aa-cb---
=050  \4$aDS554.42$b.C473 1989
=100  1\$6880-01$aZhou, Daguan,$dactive 1297
=240  10$6880-02$aZhenla feng tu ji.$lJapanese & Chinese
=245  10$6880-03$aShinrō fudoki :$bAnkōruki no Kanbojia /$cShū Takkan ; Wada Hisanori yakuchū.
=250  \\$6880-04$aShohan.
=260  \\$6880-05$aTōkyō :$bHeibonsha,$c1989.
=300  \\$a1 online resource (vi, 256 pages) :$billustrations.
=336  \\$atext$btxt$2rdacontent
=337  \\$acomputer$bc$2rdamedia
=338  \\$aonline resource$bcr$2rdacarrier
=490  1\$6880-06$aTōyō bunko ;$v507
=588  0\$aPrint version record.
=650  \7$aCivilization.$2fast$0(OCoLC)fst00862898
=650  \7$aManners and customs.$2fast$0(OCoLC)fst01007815
=651  \0$aCambodia$xCivilization.
=651  \0$aCambodia$xSocial life and customs.
=651  \7$aCambodia.$2fast$0(OCoLC)fst01207659
=700  1\$6880-07$aWada, Hisanori,$d1917-1999
=773  0\$tJapanKnowledge
=776  08$iPrint version:$aZhou, Daguan, active 1297.$sZhenla feng tu ji. Japanese & Chinese.$tShinrō fudoki.$bShohan.$dTōkyō : Heibonsha, 1989$z4582805078
=830  \0$6880-08$aTōyō bunko$v507.
=856  40$3JapanKnowledge$uhttp://japanknowledge.com/lib/display/?lid=80010V0507P0002$yJapanKnowledge Lib
=880  1\$6100-01/{dollar}1$a周達觀,$dactive 1297.
=880  10$6240-02/{dollar}1$a真臘風土記.$lJapanese & Chinese
=880  10$6245-03/{dollar}1$a真臘風土記 :$bアンコール期のカンボジア /$c周達観 ; 和田久徳訳注.
=880  \\$6250-04/{dollar}1$a初版.
=880  \\$6260-05/{dollar}1$a東京 :$b平凡社,$c1989.
=880  1\$6490-06/{dollar}1$a東洋文庫 ;$v507
=880  1\$6700-07/{dollar}1$a和田久徳,$d1917-1999.
=880  2\$6710-00/{dollar}1$a周達觀,$dfl. 1297.$t真臘風土記.
=880  \0$6830-08/{dollar}1$a東洋文庫 ;$v507.
=859  \\$aORR$bJapanKnowledge
=CAT  \\$aW1704-1242$b00$c20170509$lBLL01$h0927
=CAT  \\$aBATCH-UPD$b00$c20170509$lBLL01$h0929
=CAT  \\$aBATCH-UPD$b00$c20170509$lBLL01$h0938
=CAT  \\$aW2003-0365$c20200305$lBLL01$h1101
=FIN  \\$aY$d20170509
=SID  \\$aZ30$bOCLC
=SRC  \\$aJapanKnowledge_2017$bJK_OCLC20170203.mrc
=LAS  \\$aW2003-0365$b00$c20200305$lBLL01$h1101

