=LDR  02847 am a2200637 a 4500
=001  018337794
=003  Uk
=005  20170106042814.0
=006  m\\\\\o\\d\\\\\\\\
=007  cr\un|||||||||
=008  120202m19781983ja\\\\\\ob\\\\000\0\jpn\\
=FMT  \\$a  BK
=035  \\$a(OCoLC)774924670
=040  \\$aCUS$beng$cCUS$dOCLCQ$dOCLCA$dOCLCF$dOCLCO$dYUS$dOCLCO$dOCLCQ$dYUS$dOCLCO$dOCLCQ$dYUS$dOCLCO$dUk
=043  \\$aa-cc---
=050  \4$aDS735$b.C52665
=245  00$6880-01$aChūgoku minshū hanranshi /$cTanigawa Michio, Mori Masao hen.
=260  \\$6880-02$aTōyō :$bHeibonsha,$c1978-1983.
=300  \\$a1 online resource (4 volumes).
=336  \\$atext$btxt$2rdacontent
=337  \\$acomputer$bc$2rdamedia
=338  \\$aonline resource$bcr$2rdacarrier
=490  1\$6880-03$aTōyō bunko ;$v336, etc.
=504  \\$aIncludes bibliographical references (v. 1, page 416).
=505  0\$6880-04$a1. Shin-Tō -- 2. Sō-Min chūki -- 3. Min matsu-Shin I -- 4. Min matsu-Shin II.
=588  0\$aPrint version record.
=650  \0$aPeasant uprisings$zChina.
=650  \7$aPeasant uprisings.$2fast$0(OCoLC)fst01056146
=651  \0$aChina$xHistory.
=651  \7$aChina.$2fast$0(OCoLC)fst01206073
=655  \7$aHistory.$2fast$0(OCoLC)fst01411628
=700  1\$6880-05$aTanigawa, Michio,$d1925-2013
=700  1\$6880-06$aMori, Masao,$d1935-
=773  0\$tJapanKnowledge
=776  08$iPrint version:$tChūgoku minshū hanranshi.$dTōyō : Heibonsha, 1978-1983
=830  \0$6880-07$aTōyō bunko$v336, etc.
=856  40$3JapanKnowledge Volume 4$uhttp://japanknowledge.com/lib/display/?lid=80010V0419P0002$yJapanKnowledge Lib
=856  40$3JapanKnowledge Volume 1$uhttp://japanknowledge.com/lib/display/?lid=80010V0336P0002$yJapanKnowledge Lib
=856  40$3JapanKnowledge Volume 2$uhttp://japanknowledge.com/lib/display/?lid=80010V0351P0002$yJapanKnowledge Lib
=856  40$3JapanKnowledge Volume 3$uhttp://japanknowledge.com/lib/display/?lid=80010V0408P0002$yJapanKnowledge Lib
=880  00$6245-01/{dollar}1$a中国民衆叛乱史 /$c谷川道雄, 森正夫編.
=880  \\$6260-02/{dollar}1$a東京 :$b平凡社,$c1978-1983.
=880  1\$6490-03/{dollar}1$a東洋文庫 ;$v336, etc.
=880  0\$6505-04/{dollar}1$a1. 秦-唐 -- 2. 宋-明中期 -- 3. 明末-清 I -- 4. 明末-清 II.
=880  1\$6700-05/{dollar}1$a谷川道雄,$d1925-
=880  1\$6700-06/{dollar}1$a森正夫,$d1935-
=880  \0$6830-07/{dollar}1$a東洋文庫 ;$v336, etc.
=859  \\$aORR$bJapanKnowledge
=CAT  \\$aW1704-1242$b00$c20170509$lBLL01$h0927
=CAT  \\$aBATCH-UPD$b00$c20170509$lBLL01$h0929
=CAT  \\$aBATCH-UPD$b00$c20170509$lBLL01$h0938
=CAT  \\$aW2003-0365$c20200305$lBLL01$h1101
=FIN  \\$aY$d20170509
=SID  \\$aZ30$bOCLC
=SRC  \\$aJapanKnowledge_2017$bJK_OCLC20170203.mrc
=LAS  \\$aW2003-0365$b00$c20200305$lBLL01$h1101

