=LDR  02355 am a22006017a 4500
=001  018337795
=003  Uk
=005  20170106042814.0
=006  m\\\\\o\\d\\\\\\\\
=007  cr\|||||||||||
=008  100315s1965\\\\ja\\\\\\ob\\\\000\0\jpn\d
=FMT  \\$a  BK
=019  \\$a298053736
=035  \\$a(OCoLC)555894593$z(OCoLC)298053736
=040  \\$aOCLCE$beng$cOCLCE$dOCLCQ$dCUS$dOCLCQ$dOCLCF$dYUS$dOCLCO$dYUS$dOCLCO$dOCLCQ$dYUS$dOCLCO$dUk$epn
=042  \\$adlr
=050  \4$aPL2754.S5$bZ76 1965
=245  00$6880-01$aRojin :$bsono bungaku to kakumei /$cMaruyama Noboru cho.
=246  3\$aRo Jin
=250  \\$6880-02$aShohan.
=260  \\$6880-03$aTōkyō :$bHeibonsha,$c1965.
=300  \\$a1 online resource (248 pages).
=336  \\$atext$btxt$2rdacontent
=337  \\$acomputer$bc$2rdamedia
=338  \\$aonline resource$bcr$2rdacarrier
=490  1\$6880-04$aTōyō bunko ;$v47
=504  \\$6880-05$aIncludes bibliographical references (pages 228-231).
=588  0\$aPrint version record.
=600  10$6880-06$aLu, Xun,$d1881-1936$xCriticism and interpretation.
=600  17$aLu, Xun,$d1881-1936$2fast$0(OCoLC)fst00016398
=655  \7$aCriticism, interpretation, etc.$2fast$0(OCoLC)fst01411635
=700  1\$6880-07$aMaruyama, Noboru,$d1931-
=773  0\$tJapanKnowledge
=776  08$iPrint version:$tRojin.$dTōkyō : Heibonsha, 1965
=830  \0$6880-08$aTōyō bunko$v47.
=856  40$3JapanKnowledge$uhttp://japanknowledge.com/lib/display/?lid=80010V0047P0002$yJapanKnowledge Lib
=880  00$6245-01/{dollar}1$a魯迅 :$bその文学と革命 /$c丸山昇著.
=880  \\$6250-02/{dollar}1$a初版.
=880  \\$6260-03/{dollar}1$a東京 :$b平凡社,$c1965.
=880  1\$6490-04/{dollar}1$a東洋文庫 ;$v47
=880  \\$6504-05/{dollar}1$a魯迅略年譜: pages 237-248.
=880  14$6600-06/{dollar}1$a魯迅,$d1881-1936$xCriticism and interpretation.
=880  1\$6700-07/{dollar}1$a丸山昇,$d1931-
=880  \0$6830-08/{dollar}1$a東洋文庫 ;$v47.
=859  \\$aORR$bJapanKnowledge
=CAT  \\$aW1704-1242$b00$c20170509$lBLL01$h0927
=CAT  \\$aBATCH-UPD$b00$c20170509$lBLL01$h0929
=CAT  \\$aBATCH-UPD$b00$c20170509$lBLL01$h0938
=CAT  \\$aW2003-0365$c20200305$lBLL01$h1101
=FIN  \\$aY$d20170509
=SID  \\$aZ30$bOCLC
=SRC  \\$aJapanKnowledge_2017$bJK_OCLC20170203.mrc
=LAS  \\$aW2003-0365$b00$c20200305$lBLL01$h1101

