=LDR  02322 am a22006257a 4500
=001  018337796
=003  Uk
=005  20170106042815.0
=006  m\\\\\o\\d\\\\\\\\
=007  cr\|||||||||||
=008  111007s2001\\\\ja\\\\\\o\\\\\000\0\jpn\d
=FMT  \\$a  BK
=020  \\$z458280697X
=020  \\$z9784582806977
=035  \\$a(OCoLC)756233966
=040  \\$aOCLCE$beng$cOCLCE$dCUS$dOCLCQ$dOCLCF$dYUS$dOCLCO$dYUS$dOCLCO$dOCL$dOCLCQ$dYUS$dOCLCO$dUk$epn
=042  \\$adlr
=043  \\$aa-ja---
=050  \4$aDS822.25$b.T67 2001
=084  \\$a304$2njb/9
=100  1\$6880-01$aTosaka, Jun,$d1900-1945
=245  10$6880-02$aShisō to fūzoku /$cTosaka Jun cho ; Rin Shūmei kaisetsu.
=250  \\$6880-03$aShohan.
=260  \\$6880-04$aTōkyō :$bHeibonsha,$c2001.
=300  \\$a1 online resource (440 pages).
=336  \\$atext$btxt$2rdacontent
=337  \\$acomputer$bc$2rdamedia
=338  \\$aonline resource$bcr$2rdacarrier
=490  1\$6880-05$aTōyō bunko ;$v697
=588  0\$aPrint version record.
=648  \7$a1868-1945$2fast
=650  \7$aCivilization.$2fast$0(OCoLC)fst00862898
=651  \0$aJapan$xCivilization$y1868-1945.
=651  \7$aJapan.$2fast$0(OCoLC)fst01204082
=700  1\$6880-06$aRin, Shūmei,$d1949-
=773  0\$tJapanKnowledge
=776  08$iPrint version:$aTosaka, Jun, 1900-1945.$tShisō to fūzoku.$bShohan.$dTōkyō : Heibonsha, 2001$z458280697X
=830  \0$6880-07$aTōyō bunko$v697.
=856  40$3JapanKnowledge$uhttp://japanknowledge.com/lib/display/?lid=80010V0697P0002$yJapanKnowledge Lib
=880  1\$6100-01/{dollar}1$a戶坂潤,$d1900-1945.
=880  10$6245-02/{dollar}1$a思想と風俗 /$c戶坂潤著 ; 林淑美解說.
=880  \\$6250-03/{dollar}1$a初版.
=880  \\$6260-04/{dollar}1$a東京 :$b平凡社,$c2001.
=880  1\$6490-05/{dollar}1$a東洋文庫 ;$v697
=880  1\$6700-06/{dollar}1$a林淑美,$d1949-
=880  \0$6830-07/{dollar}1$a東洋文庫 ;$v697.
=859  \\$aORR$bJapanKnowledge
=CAT  \\$aW1704-1242$b00$c20170509$lBLL01$h0927
=CAT  \\$aBATCH-UPD$b00$c20170509$lBLL01$h0929
=CAT  \\$aBATCH-UPD$b00$c20170509$lBLL01$h0938
=CAT  \\$aW2003-0365$c20200305$lBLL01$h1101
=FIN  \\$aY$d20170509
=SID  \\$aZ30$bOCLC
=SRC  \\$aJapanKnowledge_2017$bJK_OCLC20170203.mrc
=LAS  \\$aW2003-0365$b00$c20200305$lBLL01$h1101

