=LDR  02405 am a2200601 a 4500
=001  018337797
=003  Uk
=005  20170106042815.0
=006  m\\\\\o\\d\\\\\\\\
=007  cr\un|||||||||
=008  120131s1967\\\\ja\abc\\ob\\\\001\0\jpn\d
=FMT  \\$a  BK
=035  \\$a(OCoLC)774604719
=040  \\$aCUS$beng$cCUS$dOCLCQ$dOCLCA$dOCLCF$dOCLCO$dYUS$dOCLCO$dOCLCQ$dYUS$dOCLCO$dOCLCQ$dYUS$dOCLCO$dUk
=041  1\$ajpn$hger
=043  \\$aa-ja---
=050  \4$aDS809$b.S53
=100  1\$aSiebold, Philipp Franz von,$d1796-1866.
=240  10$aNippon.$kSelections.$lJapanese
=245  10$6880-01$aEdo sanpu kikō /$cJīboruto cho ; Saitō Makoto yaku.
=250  \\$6880-02$aShohan.
=260  \\$6880-03$aTōkyō :$bHeibonsha,$c1967.
=300  \\$a1 online resource (1, 2, 347, 3 pages) :$billustrations, map, portrait.
=336  \\$atext$btxt$2rdacontent
=337  \\$acomputer$bc$2rdamedia
=338  \\$aonline resource$bcr$2rdacarrier
=490  1\$6880-04$aTōyō bunko ;$v87
=500  \\$aSelected translation of: Nippon.
=504  \\$aIncludes bibliographical references (pages 343-345) and index.
=588  0\$aPrint version record.
=650  \7$aTravel.$2fast$0(OCoLC)fst01155558
=651  \0$aJapan$xDescription and travel.
=651  \7$aJapan.$2fast$0(OCoLC)fst01204082
=700  1\$6880-05$aSaitō, Makoto,$d1911-2008
=773  0\$tJapanKnowledge
=776  08$iPrint version:$aSiebold, Philipp Franz von, 1796-1866.$sNippon. Japanese. Selections.$tEdo sanpu kikō.$bShohan.$dTōkyō : Heibonsha, 1967
=830  \0$6880-06$aTōyō bunko$v87.
=856  40$3JapanKnowledge$uhttp://japanknowledge.com/lib/display/?lid=80010V0087P0002$yJapanKnowledge Lib
=880  10$6245-01/{dollar}1$a江戶参府紀行 /$cジ-ボルト著 ; 斎藤信訳.
=880  \\$6250-02/{dollar}1$a初版.
=880  \\$6260-03/{dollar}1$a東京 :$b平凡社,$c1967.
=880  1\$6490-04/{dollar}1$a東洋文庫 ;$v87
=880  1\$6700-05/{dollar}1$a斎藤信,$d1911-
=880  \0$6830-06/{dollar}1$a東洋文庫 ;$v87.
=859  \\$aORR$bJapanKnowledge
=CAT  \\$aW1704-1242$b00$c20170509$lBLL01$h0927
=CAT  \\$aBATCH-UPD$b00$c20170509$lBLL01$h0929
=CAT  \\$aBATCH-UPD$b00$c20170509$lBLL01$h0938
=CAT  \\$aW2003-0365$c20200305$lBLL01$h1101
=FIN  \\$aY$d20170509
=SID  \\$aZ30$bOCLC
=SRC  \\$aJapanKnowledge_2017$bJK_OCLC20170203.mrc
=LAS  \\$aW2003-0365$b00$c20200305$lBLL01$h1101

