=LDR  02534 am a22006257i 4500
=001  018337798
=003  Uk
=005  20170106042816.0
=006  m\\\\\o\\d\\\\\\\\
=007  cr\|||||||||||
=008  100629s1977\\\\ja\\\\\\o\\\\\000\0\jpn\d
=FMT  \\$a  BK
=019  \\$a300894109
=035  \\$a(OCoLC)644844227$z(OCoLC)300894109
=040  \\$aOCLCE$beng$cOCLCE$dCUS$dOCLCQ$dOCLCO$dOCLCQ$dOCLCO$dOCLCF$dYUS$dOCLCO$dYUS$dOCLCO$dOCLCQ$dYUS$dOCLCO$dUk$epn
=042  \\$adlr
=050  \4$aBL2222.T4$bA18
=100  1\$6880-01$aNakayama, Miki,$d1798-1887
=245  10$6880-02$aMikagurauta :$bOfudesaki /$cNakayama Miki ; Murakami Shigeyoshi kōchū.
=250  \\$6880-03$aShohan.
=260  \\$6880-04$aTōkyō :$bHeibonsha,$cShōwa 52 [1977]
=300  \\$a1 online resource (iii, 276 pages).
=336  \\$atext$btxt$2rdacontent
=337  \\$acomputer$bc$2rdamedia
=338  \\$aonline resource$bcr$2rdacarrier
=490  1\$6880-05$aTōyō bunko ;$v300
=588  0\$aPrint version record.
=610  20$6880-06$aTenrikyō.$xDoctrines.
=610  27$aTenrikyō$2fast$0(OCoLC)fst00518971
=650  \7$aTheology, Doctrinal.$2fast$0(OCoLC)fst01149617
=700  1\$6880-07$aMurakami, Shigeyoshi,$d1928-1991
=700  12$6880-08.$aNakayama, Miki,$d1798-1887$tOfudesaki.
=740  02$6880-09$aOfudesaki.
=773  0\$tJapanKnowledge
=776  08$iPrint version:$aNakayama, Miki, 1798-1887.$tMikagurauta.$dTōkyō : Heibonsha, Shōwa 52 [1977]
=830  \0$6880-10$aTōyō bunko$v300.
=856  40$3JapanKnowledge$uhttp://japanknowledge.com/lib/display/?lid=80010V0300P0002$yJapanKnowledge Lib
=880  1\$6100-01/{dollar}1$a中山みき,$d1798-1887.
=880  10$6245-02/{dollar}1$aみかぐらうた :$bおふでさき /$c中山みき ; 村上重良校注.
=880  \\$6250-03/{dollar}1$a初版.
=880  \\$6260-04/{dollar}1$a東京 :$b平凡社,$c昭和52 [1977]
=880  1\$6490-05/{dollar}1$a東洋文庫 ;$v300
=880  24$6610-06/{dollar}1$a天理教$xDoctrines.
=880  1\$6700-07/{dollar}1$a村上重良,$d1928-1991.
=880  12$6700-08/{dollar}1$a中山みき,$d1798-1887.$tおふでさき.
=880  02$6740-09/{dollar}1$aおふでさき.
=880  \0$6830-10/{dollar}1$a東洋文庫 ;$v300.
=859  \\$aORR$bJapanKnowledge
=CAT  \\$aW1704-1242$b00$c20170509$lBLL01$h0927
=CAT  \\$aBATCH-UPD$b00$c20170509$lBLL01$h0929
=CAT  \\$aW2003-0365$c20200305$lBLL01$h1101
=FIN  \\$aY$d20170509
=SID  \\$aZ30$bOCLC
=SRC  \\$aJapanKnowledge_2017$bJK_OCLC20170203.mrc
=LAS  \\$aW2003-0365$b00$c20200305$lBLL01$h1101

