=LDR  02061 am a22005534i 4500
=001  018337799
=003  Uk
=005  20170106042816.0
=006  m\\\\\o\\d\\\\\\\\
=007  cr\|||||||||||
=008  151113s2000\\\\ja\\\\\\o\\\\\000\0\jpn\d
=FMT  \\$a  BK
=020  \\$z4560058245
=020  \\$z9784560058244
=035  \\$a(OCoLC)929030579
=040  \\$aYUS$beng$cYUS$dOCLCO$dYUS$dOCLCO$dUk$erda$epn
=041  1\$ajpn$hfre
=043  \\$ae-fr---
=245  00$6880-01$aTokuviru /$cJakku Kūnen Uttā cho ; Miho Moto yaku.
=264  \1$6880-02$aTōkyō :$bHakusuisha,$c2000.
=300  \\$a1 online resource.
=336  \\$atext$btxt$2rdacontent
=337  \\$acomputer$bc$2rdamedia
=338  \\$aonline resource$bcr$2rdacarrier
=490  1\$6880-03$aBunko kuseju ;$v824
=588  \\$aDescription based on print version.
=600  17$aTocqueville, Alexis de,$d1805-1859$2fast$0(OCoLC)fst00041873
=600  10$aTocqueville, Alexis de,$d1805-1859$xContributions in political science.
=650  \0$aPolitical science$zFrance$xHistory$y19th century.
=700  1\$6880-04$aMiho, Moto,$d1932-
=700  1\$aCoenen-Huther, Jacques,$d1937-
=730  0\$aTocqueville.
=773  0\$tJapanKnowledge
=776  08$iPrint version:$tTokuviru.
=830  \0$6880-05$aBunko kuseju$v824.
=856  40$3JapanKnowledge$uhttp://japanknowledge.com/lib/display/?lid=8021008240000$yJapanKnowledge Lib
=880  00$6245-01/{dollar}1$aトクヴィル /$cジャック・クーネン=ウッター著 ; 三保元訳.
=880  \1$6264-02/{dollar}1$a東京 :$b白水社,$c2000.
=880  1\$6490-03/{dollar}1$a文庫クセジュ ;$v824
=880  1\$6700-04/{dollar}1$a三保元,$d1932-
=880  \0$6830-05/{dollar}1$a文庫クセジュ ;$v824.
=859  \\$aORR$bJapanKnowledge
=CAT  \\$aW1704-1242$b00$c20170509$lBLL01$h0927
=CAT  \\$aBATCH-UPD$b00$c20170509$lBLL01$h0929
=CAT  \\$aW2003-0365$c20200305$lBLL01$h1101
=FIN  \\$aY$d20170509
=SID  \\$aZ30$bOCLC
=SRC  \\$aJapanKnowledge_2017$bJK_OCLC20170203.mrc
=LAS  \\$aW2003-0365$b00$c20200305$lBLL01$h1101

