=LDR  02089 am a22005534i 4500
=001  018337800
=003  Uk
=005  20170106042816.0
=006  m\\\\\o\\d\\\\\\\\
=007  cr\|||||||||||
=008  151113s2002\\\\ja\\\\\\o\\\\\000\0\jpn\d
=FMT  \\$a  BK
=020  \\$z4560058547
=020  \\$z9784560058541
=035  \\$a(OCoLC)929030742
=040  \\$aYUS$beng$cYUS$dYUS$dOCLCO$dOCLCF$dUk$erda$epn
=041  1\$ajpn$hfre
=245  00$6880-01$aKodomo no e no shinrigaku nyūmon /$cFirippy Waron cho ; Katō Yoshinobu, Ikawa Mayumi yaku.
=264  \1$6880-02$aTōkyō :$bHakusuisha,$c2002.
=300  \\$a1 online resource.
=336  \\$atext$btxt$2rdacontent
=337  \\$acomputer$bc$2rdamedia
=338  \\$aonline resource$bcr$2rdacarrier
=490  1\$6880-03$aBunko kuseju ;$v854
=588  \\$aDescription based on print version.
=650  \0$aChild psychology.
=650  \7$aChild psychology.$2fast$0(OCoLC)fst00854540
=700  1\$6880-04$aKatō, Yoshinobu,$d1947-
=700  1\$6880-05$aIkawa, Mayumi,$d1970-
=700  1\$aWallon, Philippe.
=730  0\$aDessin d'enfant.
=773  0\$tJapanKnowledge
=776  08$iPrint version:$tKodomo no e no shinrigaku nyūmon.
=830  \0$6880-06$aBunko kuseju$v854.
=856  40$3JapanKnowledge$uhttp://japanknowledge.com/lib/display/?lid=8021008540000$yJapanKnowledge Lib
=880  00$6245-01/{dollar}1$a子どもの絵の心理学入門 /$cフィリップ・ワロン著 ; 加藤義信, 井川真由美訳.
=880  \1$6264-02/{dollar}1$a東京 :$b白水社,$c2002.
=880  1\$6490-03/{dollar}1$a文庫クセジュ ;$v854
=880  1\$6700-04/{dollar}1$a加藤義信,$d1947-
=880  1\$6700-05/{dollar}1$a井川真由美,$d1970-
=880  \0$6830-06/{dollar}1$a文庫クセジュ ;$v854.
=859  \\$aORR$bJapanKnowledge
=CAT  \\$aW1704-1242$b00$c20170509$lBLL01$h0927
=CAT  \\$aBATCH-UPD$b00$c20170509$lBLL01$h0929
=CAT  \\$aW2003-0365$c20200305$lBLL01$h1101
=FIN  \\$aY$d20170509
=SID  \\$aZ30$bOCLC
=SRC  \\$aJapanKnowledge_2017$bJK_OCLC20170203.mrc
=LAS  \\$aW2003-0365$b00$c20200305$lBLL01$h1101

