=LDR  02361 am a22005894i 4500
=001  018337801
=003  Uk
=005  20170106042817.0
=006  m\\\\\o\\d\\\\\\\\
=007  cr\|||||||||||
=008  160115s1996\\\\ja\\\\\gob\\\\001\0\jpnod
=FMT  \\$a  BK
=020  \\$z4560057745
=020  \\$z9784560057742
=035  \\$a(OCoLC)934798971
=040  \\$aWTU$beng$cYUS$dOCLCO$dYUS$dOCLCO$dOCLCF$dOCLCO$dUk$erda$epn
=041  1\$ajpn$hfre
=100  1\$aRenou, Louis,$d1896-1966,$eauthor.
=240  10$aLittératures de l'Inde.$lJapanese
=245  00$6880-01$aIndo no bungaku /$cRui Runū cho ; Watanabe Shigeaki, Azuma Kazuo kyōyaku.
=264  \1$6880-02$aTōkyō :$bHakusuisha,$c1996.
=300  \\$a1 online resource.
=336  \\$atext$btxt$2rdacontent
=337  \\$acomputer$bc$2rdamedia
=338  \\$aonline resource$bcr$2rdacarrier
=490  1\$6880-03$aBunko kuseju ;$v774
=504  \\$aIncludes bibliographical references and index.
=588  \\$aDescription based on print version.
=650  \0$aIndic literature$xHistory and criticism.
=650  \7$aIndic literature.$2fast$0(OCoLC)fst00970142
=655  \7$aCriticism, interpretation, etc.$2fast$0(OCoLC)fst01411635
=700  1\$6880-04$aWatanabe, Shigeaki,$d1939-$etranslator.
=700  1\$6880-05,$aAzuma, Kazuo,$d1931-$etranslator.
=700  1\$iTranslation of:$aRenou, Louis,$d1896-1966.$tLes littératures de l'Inde.
=773  0\$tJapanKnowledge
=776  08$iPrint version:$tIndo no bungaku.
=830  \0$6880-06$aBunko kuseju$v774.
=856  40$3JapanKnowledge$uhttp://japanknowledge.com/lib/display/?lid=8021007740000$yJapanKnowledge Lib
=880  00$6245-01$aインドの文学 /$cルイ・ルヌー著 ; 渡辺重朗, 我妻和男共訳.
=880  \1$6264-02$a東京 :$b白水社,$c1996.
=880  1\$6490-03$a文庫クセジュ ;$v774
=880  1\$6700-04$a渡辺重朗,$d1939-$etranslator.
=880  1\$6700-05$a我妻和男,$d1931-$etranslator.
=880  \0$6830-06$a文庫クセジュ ;$v774.
=859  \\$aORR$bJapanKnowledge
=CAT  \\$aW1704-1242$b00$c20170509$lBLL01$h0927
=CAT  \\$aBATCH-UPD$b00$c20170509$lBLL01$h0929
=CAT  \\$aW2003-0365$c20200305$lBLL01$h1101
=FIN  \\$aY$d20170509
=SID  \\$aZ30$bOCLC
=SRC  \\$aJapanKnowledge_2017$bJK_OCLC20170203.mrc
=LAS  \\$aW2003-0365$b00$c20200305$lBLL01$h1101

