=LDR  02215 am a22005537a 4500
=001  018337802
=003  Uk
=005  20170106042817.0
=006  m\\\\\o\\d\\\\\\\\
=007  cr\|||||||||||
=008  100626s1976\\\\ja\af\\\ob\\\\000\0\jpn\d
=FMT  \\$a  BK
=019  \\$a297382183
=035  \\$a(OCoLC)643930796$z(OCoLC)297382183
=040  \\$aOCLCE$beng$cOCLCE$dCUS$dOCLCQ$dOCLCA$dOCLCQ$dOCLCO$dOCLCA$dYUS$dOCLCO$dYUS$dOCLCO$dOCLCQ$dYUS$dOCLCO$dUk$epn
=041  1\$ajpn$hper
=042  \\$adlr
=050  \4$aAC145$b.T75 v.299
=100  0\$aḤāfiẓ,$dactive 14th century.
=240  10$aDīvān.$lJapanese
=245  10$6880-01$aHāfizu shishū /$cHāfizu cho ; Kuroyanagi Tsuneo yaku.
=250  \\$6880-02$aShohan.
=260  \\$6880-03$aTōkyō :$bHeibonsha,$cShōwa 51 [1976]
=300  \\$a1 online resource (iii, 406 pages, [1] leaf of plates) :$billustrations.
=336  \\$atext$btxt$2rdacontent
=337  \\$acomputer$bc$2rdamedia
=338  \\$aonline resource$bcr$2rdacarrier
=490  1\$6880-04$aTōyō bunko ;$v299
=504  \\$aIncludes bibliographical references (pages 403-406).
=588  0\$aPrint version record.
=700  1\$6880-05$aKuroyanagi, Tsuneo,$d1925-2014
=773  0\$tJapanKnowledge
=776  08$iPrint version:$aḤāfiẓ, 14th cent.$sDīvān. Japanese.$tHāfizu shishū.$dTōkyō : Heibonsha, Shōwa 51 [1976]
=830  \0$6880-06$aTōyō bunko$v299.
=856  40$3JapanKnowledge$uhttp://japanknowledge.com/lib/display/?lid=80010V0299P0003$yJapanKnowledge Lib
=880  10$6245-01/{dollar}1$aハーフィズ詩集 /$cハーフィズ著 ; 黒柳恒男訳.
=880  \\$6250-02/{dollar}1$a初版.
=880  \\$6260-03/{dollar}1$a東京 :$b平凡社,$c昭和51 [1976]
=880  1\$6490-04/{dollar}1$a東洋文庫 ;$v299
=880  1\$6700-05/{dollar}1$a黒柳恒男,$d1925-
=880  \0$6830-06/{dollar}1$a東洋文庫 ;$v299.
=859  \\$aORR$bJapanKnowledge
=CAT  \\$aW1704-1242$b00$c20170509$lBLL01$h0927
=CAT  \\$aBATCH-UPD$b00$c20170509$lBLL01$h0929
=CAT  \\$aW2003-0365$c20200305$lBLL01$h1101
=FIN  \\$aY$d20170509
=SID  \\$aZ30$bOCLC
=SRC  \\$aJapanKnowledge_2017$bJK_OCLC20170203.mrc
=LAS  \\$aW2003-0365$b00$c20200305$lBLL01$h1101

