=LDR  03122 am a22007577a 4500
=001  018337803
=003  Uk
=005  20170106042818.0
=006  m\\\\\o\\d\\\\\\\\
=007  cr\|||||||||||
=008  100827m19992002ja\ab\\\ob\\\\000\0\jpn\d
=FMT  \\$a  BK
=019  \\$a928950617
=020  \\$z409658035X$q(v. 1)
=020  \\$z9784096580356$q(v. 1)
=035  \\$a(OCoLC)659329610$z(OCoLC)928950617
=040  \\$aOCLCE$beng$cOCLCE$dOCLCQ$dOCLCF$dOCLCO$dYUS$dOCLCO$dOCL$dOCLCQ$dYUS$dOCLCO$dUk$epn
=043  \\$aa-ja---
=050  \4$aPL787$b.K6 1999
=084  \\$a918$2njb/9
=130  0\$6880-01$aKonjaku monogatari.
=245  10$6880-02$aKonjaku monogatarishū /$cMabuchi Kazuo, Kunisaki Fumimaro, Inagaki Taiichi kōchū yaku.
=250  \\$6880-03$aDai 1-han.
=260  \\$6880-04$aTōkyō :$bShōgakkan,$c1999-2002.
=300  \\$a1 online resource (4 volumes) :$billustrations, maps.
=336  \\$atext$btxt$2rdacontent
=337  \\$acomputer$bc$2rdamedia
=338  \\$aonline resource$bcr$2rdacarrier
=490  1\$6880-05$aShinpen Nihon koten bungaku zenshū ;$v35-38
=504  \\$aIncludes bibliographical references.
=588  0\$aPrint version record.
=648  \7$a794-1185$2fast
=650  \0$aFolk literature, Japanese.
=650  \0$aJapanese literature$yHeian period, 794-1185.
=650  \0$aBuddhist legends$zJapan.
=650  \7$aBuddhist legends.$2fast$0(OCoLC)fst01727608
=650  \7$aFolk literature, Japanese.$2fast$0(OCoLC)fst00929094
=650  \7$aJapanese literature$xHeian period.$2fast$0(OCoLC)fst01710986
=651  \7$aJapan.$2fast$0(OCoLC)fst01204082
=700  1\$6880-06$aMabuchi, Kazuo,$d1918-
=700  1\$6880-07$aKunisaki, Fumimaro,$d1916-
=700  1\$6880-08$aInagaki, Taiichi,$d1945-
=773  0\$tJapanKnowledge
=776  08$iPrint version:$aKonjaku monogatari.$tKonjaku monogatarishū.$bDai 1-han.$dTōkyō : Shōgakkan, 1999-2002
=830  \0$6880-09$aShinpen Nihon koten bungaku zenshū$v35-38.
=856  40$3JapanKnowledge$uhttp://japanknowledge.com/lib/display/?lid=80110V00350021$yJapanKnowledge Lib
=880  0\$6130-01/{dollar}1$a今昔物語.
=880  10$6245-02/{dollar}1$a今昔物語集 /$c馬淵和夫, 国東文麿, 稲垣泰一校注・訳.
=880  \\$6250-03/{dollar}1$a第1版.
=880  \\$6260-04/{dollar}1$a東京 :$b小学館,$c1999-2002.
=880  \1$6264-00/{dollar}1$a東京 :$b小学館,$c1999-2002.
=880  1\$6490-05/{dollar}1$a新編日本古典文学全集 ;$v35-38
=880  1\$6700-06/{dollar}1$a馬淵和夫,$d1918-
=880  1\$6700-07/{dollar}1$a国東文麿,$d1916-
=880  1\$6700-08/{dollar}1$a稲垣泰一,$d1945-
=880  \0$6830-09/{dollar}1$a新編日本古典文学全集 ;$v35-38.
=859  \\$aORR$bJapanKnowledge
=CAT  \\$aW1704-1242$b00$c20170509$lBLL01$h0927
=CAT  \\$aBATCH-UPD$b00$c20170509$lBLL01$h0929
=CAT  \\$aBATCH-UPD$b00$c20170509$lBLL01$h0938
=CAT  \\$aW2003-0365$c20200305$lBLL01$h1101
=CAT  \\$aBATCH-UPD$b00$c20200918$lBLL01$h2045
=FIN  \\$aY$d20170509
=SID  \\$aZ30$bOCLC
=SRC  \\$aJapanKnowledge_2017$bJK_OCLC20170203.mrc
=LAS  \\$aBATCH-UPD$b00$c20200918$lBLL01$h2045

