=LDR  02639 am a22006737a 4500
=001  018337804
=003  Uk
=005  20170106042818.0
=006  m\\\\\o\\d\\\\\\\\
=007  cr\|||||||||||
=008  111008s1992\\\\ja\a\\\\ob\\\\000\0\jpn\d
=FMT  \\$a  BK
=020  \\$z4582805531
=020  \\$z9784582805536
=035  \\$a(OCoLC)756450303
=040  \\$aOCLCE$beng$cOCLCE$dCUS$dOCLCQ$dOCLCF$dOCLCQ$dOCLCO$dOCL$dYUS$dOCLCO$dYUS$dOCLCO$dOCLCQ$dYUS$dOCLCO$dUk$epn
=041  1\$ajpn$hsan
=042  \\$adlr
=043  \\$aa-ii---
=050  \4$aJC50$b.K2516 1992
=100  0\$aKāmandaki.
=240  10$aKāmandaka.$lJapanese
=245  10$6880-01$aNītisāra :$bkoten Indo no seiryakuron /$cKāmandaki ; Kamimuira Katsuhiko yaku.
=250  \\$6880-02$aShohan.
=260  \\$6880-03$aTōkyō :$bHeibonsha,$c1992.
=300  \\$a1 online resource (275 pages) :$billustrations.
=336  \\$atext$btxt$2rdacontent
=337  \\$acomputer$bc$2rdamedia
=338  \\$aonline resource$bcr$2rdacarrier
=490  1\$6880-04$aTōyō bunko ;$v553
=504  \\$aIncludes bibliographical references.
=588  0\$aPrint version record.
=648  \7$aTo 997$2fast
=650  \0$aPolitical science$zIndia$xHistory.
=650  \7$aPolitical science.$2fast$0(OCoLC)fst01069781
=650  \7$aPolitics and government$2fast$0(OCoLC)fst01919741
=651  \0$aIndia$xPolitics and government$yTo 997.
=651  \7$aIndia.$2fast$0(OCoLC)fst01210276
=655  \7$aHistory.$2fast$0(OCoLC)fst01411628
=700  1\$6880-05$aKamimura, Katsuhiko,$d1944-2003
=773  0\$tJapanKnowledge
=776  08$iPrint version:$aKāmandaki.$sKāmandaka. Japanese.$tNītisāra.$bShohan.$dTōkyō : Heibonsha, 1992$z4582805531
=830  \0$6880-06$aTōyō bunko$v553.
=856  40$3JapanKnowledge$uhttp://japanknowledge.com/lib/display/?lid=80010V0553P0002$yJapanKnowledge Lib
=880  10$6245-01/{dollar}1$aニーティサーラ :$b古典インドの政略論 /$cカーマンダキ ; 上村勝彦訳.
=880  \\$6250-02/{dollar}1$a初版.
=880  \\$6260-03/{dollar}1$a東京 :$b平凡社,$c1992.
=880  1\$6490-04/{dollar}1$a東洋文庫 ;$v553
=880  1\$6700-05/{dollar}1$a上村勝彦,$d1944-2003.
=880  \0$6830-06/{dollar}1$a東洋文庫 ;$v553.
=859  \\$aORR$bJapanKnowledge
=CAT  \\$aW1704-1242$b00$c20170509$lBLL01$h0927
=CAT  \\$aBATCH-UPD$b00$c20170509$lBLL01$h0929
=CAT  \\$aBATCH-UPD$b00$c20170509$lBLL01$h0938
=CAT  \\$aW2003-0365$c20200305$lBLL01$h1101
=FIN  \\$aY$d20170509
=SID  \\$aZ30$bOCLC
=SRC  \\$aJapanKnowledge_2017$bJK_OCLC20170203.mrc
=LAS  \\$aW2003-0365$b00$c20200305$lBLL01$h1101

