=LDR  03289 am a22007817a 4500
=001  018337805
=003  Uk
=005  20170106042819.0
=006  m\\\\\o\\d\\\\\\\\
=007  cr\|||||||||||
=008  111014s1991\\\\ja\a\\\\ob\\\\000\0\jpn\d
=FMT  \\$a  BK
=019  \\$a297885075
=020  \\$z4582805353
=020  \\$z9784582805352
=035  \\$a(OCoLC)757127968$z(OCoLC)297885075
=040  \\$aOCLCE$beng$cOCLCE$dOCLCQ$dOCLCO$dOCLCA$dOCLCF$dCUS$dYUS$dOCLCO$dYUS$dOCLCO$dOCLCQ$dOCLCO$dYUS$dOCLCO$dUk$epn
=042  \\$adlr
=050  \4$aPL787$b.I8 1991
=100  1\$6880-01$aKino, Zankei.
=240  10$6880-02$aIse monogatari hira monogatari
=245  10$6880-03$aTsūzoku Ise monogatari /$cImanishi Yūichirō kōchū.
=250  \\$6880-04$aShohan.
=260  \\$6880-05$aTōkyō :$bHeibonsha,$c1991.
=300  \\$a1 online resource (vi, 400 pages) :$billustrations.
=336  \\$atext$btxt$2rdacontent
=337  \\$acomputer$bc$2rdamedia
=338  \\$aonline resource$bcr$2rdacarrier
=490  1\$6880-06$aTōyō bunko ;$v535
=504  \\$aIncludes bibliographical references.
=505  0\$6880-07$aIse monogatari hirakotoba / Kino Zankei wajutsu ; Hishikawa Moronobu ga -- Mukashi otoko imayō sugata / Yarai.
=588  0\$aPrint version record.
=630  00$6880-08$aIse monogatari
=630  07$aIse monogatari.$2fast$0(OCoLC)fst01363876
=700  1\$6880-09$aHishikawa, Moronobu,$dapproximately 1618-approximately 1694
=700  1\$6880-10$aImanishi, Yūichirō,$d1946-
=700  02$6880-11$aYarai.$tMukashi otoko imayō sugata.
=700  12$6880-12.$aKi, Zankei.$tIse monogatari hirakotoba.
=740  02$6880-13$aIse monogatari hirakotoba.
=740  02$6880-14$aMukashi otoko imayō sugata.
=773  0\$tJapanKnowledge
=776  08$iPrint version:$tTsūzoku Ise monogatari.$bShohan.$dTōkyō : Heibonsha, 1991
=830  \0$6880-15$aTōyō bunko$v535.
=856  40$3JapanKnowledge$uhttp://japanknowledge.com/lib/display/?lid=80010V0535P0002$yJapanKnowledge Lib
=880  1\$6100-01/{dollar}1$a紀暫計.
=880  10$6240-02/{dollar}1$a伊勢物語ひら言葉
=880  10$6245-03/{dollar}1$a通俗伊勢物語 /$c今西祐一郎校注.
=880  \\$6250-04/{dollar}1$a初版.
=880  \\$6260-05/{dollar}1$a東京 :$b平凡社,$c1991.
=880  1\$6490-06/{dollar}1$a東洋文庫 ;$v535
=880  0\$6505-07/{dollar}1$a伊勢物語ひら言葉 / 紀暫計和述 ; 菱川師宣画 -- 昔男時世姿妝 / 也来.
=880  04$6630-08/{dollar}1$a伊勢物語.
=880  1\$6700-09/{dollar}1$a菱川師宣,$dapproximately 1618-approximately 1694.
=880  1\$6700-10/{dollar}1$a今西祐一郎,$d1946-
=880  02$6700-11/{dollar}1$a也来.$t昔男時世姿妝.
=880  12$6700-12/{dollar}1$a紀暫計.$t伊勢物語ひら言葉.
=880  02$6740-13/{dollar}1$a伊勢物語ひら言葉.
=880  02$6740-14/{dollar}1$a昔男時世姿妝.
=880  \0$6830-15/{dollar}1$a東洋文庫 ;$v535.
=859  \\$aORR$bJapanKnowledge
=CAT  \\$aW1704-1242$b00$c20170509$lBLL01$h0927
=CAT  \\$aBATCH-UPD$b00$c20170509$lBLL01$h0929
=CAT  \\$aBATCH-UPD$b00$c20170509$lBLL01$h0938
=CAT  \\$aW2003-0365$c20200305$lBLL01$h1101
=FIN  \\$aY$d20170509
=SID  \\$aZ30$bOCLC
=SRC  \\$aJapanKnowledge_2017$bJK_OCLC20170203.mrc
=LAS  \\$aW2003-0365$b00$c20200305$lBLL01$h1101

