=LDR  01920 am a22004934i 4500
=001  018337806
=003  Uk
=005  20170106042819.0
=006  m\\\\\o\\d\\\\\\\\
=007  cr\|||||||||||
=008  151214s1988\\\\ja\a\\\\\bd\\\000\0\fre\d
=FMT  \\$a  BK
=020  \\$z409515201X
=020  \\$z9784095152011
=035  \\$a(OCoLC)932129308
=040  \\$aYUS$beng$cYUS$dOCLCO$dUk$erda$epn
=041  0\$afre$ajpn
=050  14$aPL681.F8
=245  00$6880-01$aShogakukan Robert grand dictionnaire français-japonais = Shōgakkan Robēru Futsu-Wa daijiten.
=246  31$6880-02$aShōgakkan Robēru Futsu-Wa daijiten
=264  \1$aTokyo :$bShogakukan ;$aParis :$bLe Robert,$c1988.
=300  \\$a1 online resource
=336  \\$atext$btxt$2rdacontent
=337  \\$acomputer$bc$2rdamedia
=338  \\$aonline resource$bcr$2rdacarrier
=504  \\$aIncludes bibliographical references (pages 2596-2597).
=588  \\$aDescription based on print version.
=650  \0$aFrench language$vDictionaries$xJapanese.
=650  \7$aFrench language.$2fast$0(OCoLC)fst00934333
=650  \7$aFrançais (langue)$xdictionnaires japonais.$2ram
=655  \7$aDictionaries.$2fast$0(OCoLC)fst01423826
=773  0\$tJapanKnowledge
=776  08$iPrint version:$tShogakukan Robert.
=856  40$3JapanKnowledge$uhttp://japanknowledge.com/lib/search/basic/?cids=42200$yJapanKnowledge Lib
=880  00$6245-01/{dollar}1$aShogakukan Robert grand dictionnaire français-japonais = 小学館ロベール仏和大辞典.
=880  31$6246-02/{dollar}1$a小学館ロベール仏和大辞典
=859  \\$aORR$bJapanKnowledge
=CAT  \\$aW1704-1242$b00$c20170509$lBLL01$h0927
=CAT  \\$aBATCH-UPD$b00$c20170509$lBLL01$h0929
=CAT  \\$aW2003-0365$c20200305$lBLL01$h1101
=FIN  \\$aY$d20170509
=SID  \\$aZ30$bOCLC
=SRC  \\$aJapanKnowledge_2017$bJK_OCLC20170203.mrc
=LAS  \\$aW2003-0365$b00$c20200305$lBLL01$h1101

