=LDR  02386 am a22006137a 4500
=001  018337807
=003  Uk
=005  20170106042819.0
=006  m\\\\\o\\d\\\\\\\\
=007  cr\|||||||||||
=008  101112s1991\\\\ja\\\\\\ob\\\\000\0\jpn\d
=FMT  \\$a  BK
=019  \\$a647278030
=020  \\$z4582805418
=020  \\$z9784582805413
=035  \\$a(OCoLC)681086780$z(OCoLC)647278030
=040  \\$aOCLCE$beng$cOCLCE$dOCLCQ$dCUS$dOCLCQ$dOCLCO$dOCLCQ$dOCLCF$dYUS$dOCLCO$dOCL$dYUS$dOCLCO$dOCLCQ$dYUS$dOCLCO$dUk$epn
=042  \\$adlr
=050  \4$aPL2754.S5$bY467 1991
=100  1\$6880-01$aKatayama, Tomoyuki,$d1932-
=245  10$6880-02$aRo Jin "Yasō" zenshaku /$cKatayama Tomoyuki.
=250  \\$6880-03$aShohan.
=260  \\$6880-04$aTōkyō :$bHeibonsha,$c1991.
=300  \\$a1 online resource (281 pages).
=336  \\$atext$btxt$2rdacontent
=337  \\$acomputer$bc$2rdamedia
=338  \\$aonline resource$bcr$2rdacarrier
=490  1\$6880-05$aTōyō bunko ;$v541
=504  \\$aIncludes bibliographical references.
=588  0\$aPrint version record.
=600  10$6880-06.$aLu, Xun,$d1881-1936$tYe cao.
=630  07$aYe cao (Lu, Xun)$2fast$0(OCoLC)fst01360691
=700  1\$6880-07.$aLu, Xun,$d1881-1936$tYe cao.$lJapanese.
=773  0\$tJapanKnowledge
=776  08$iPrint version:$aKatayama, Tomoyuki, 1932-$tRo Jin "Yasō" zenshaku.$bShohan.$dTōkyō : Heibonsha, 1991
=830  \0$6880-08$aTōyō bunko$v541.
=856  40$3JapanKnowledge$uhttp://japanknowledge.com/lib/display/?lid=80010V0541P0002$yJapanKnowledge Lib
=880  1\$6100-01/{dollar}1$a片山智行,$d1932-
=880  10$6245-02/{dollar}1$a魯迅「野草」全釈 /$c片山智行.
=880  \\$6250-03/{dollar}1$a初版.
=880  \\$6260-04/{dollar}1$a東京 :$b平凡社,$c1991.
=880  1\$6490-05/{dollar}1$a東洋文庫 ;$v541
=880  14$6600-06/{dollar}1$a魯迅,$d1881-1936.$t野草.
=880  1\$6700-07/{dollar}1$a魯迅,$d1881-1936.$t野草.$lJapanese.
=880  \0$6830-08/{dollar}1$a東洋文庫 ;$v541.
=859  \\$aORR$bJapanKnowledge
=CAT  \\$aW1704-1242$b00$c20170509$lBLL01$h0927
=CAT  \\$aBATCH-UPD$b00$c20170509$lBLL01$h0929
=CAT  \\$aBATCH-UPD$b00$c20170509$lBLL01$h0938
=CAT  \\$aW2003-0365$c20200305$lBLL01$h1101
=FIN  \\$aY$d20170509
=SID  \\$aZ30$bOCLC
=SRC  \\$aJapanKnowledge_2017$bJK_OCLC20170203.mrc
=LAS  \\$aW2003-0365$b00$c20200305$lBLL01$h1101

