=LDR  02918 am a22006977i 4500
=001  018337808
=003  Uk
=005  20170106042820.0
=006  m\\\\\o\\d\\\\\\\\
=007  cr\|||||||||||
=008  101206r19741933ja\ac\\\ob\\\\001\0\jpn\d
=FMT  \\$a  BK
=019  \\$a556210689
=035  \\$a(OCoLC)690073632$z(OCoLC)556210689
=040  \\$aOCLCE$beng$cOCLCE$dOCLCQ$dCUS$dOCLCQ$dOCLCF$dOCLCQ$dOCLCO$dYUS$dOCLCO$dYUS$dOCLCO$dOCLCQ$dYUS$dOCLCO$dUk$epn
=042  \\$adlr
=043  \\$aa-ja---
=050  \4$aR623$b.F823
=060  \4$aWZ 70$bJJ3 F9nk 1933a
=100  1\$6880-01$aFujikawa, Yū,$d1865-1940.
=242  00$aEssentials of the Japanese history of medicine.$yeng
=245  10$6880-02$aNihon igakushi kōyō /$cFujikawa Yū cho ; Ogawa Teizō kōchū.
=250  \\$6880-03$aShohan.
=260  \\$6880-04$aTōkyō :$bHeibonsha,$cShōwa 49 [1974]
=300  \\$a1 online resource (2 volumes) :$billustrations, portraits.
=336  \\$atext$btxt$2rdacontent
=337  \\$acomputer$bc$2rdamedia
=338  \\$aonline resource$bcr$2rdacarrier
=490  1\$6880-05$aTōyō bunko ;$v258, 262
=504  \\$aIncludes bibliographical references and index.
=588  0\$aPrint version record.
=650  \0$aMedicine$zJapan$xHistory.
=650  \2$aHistory of Medicine.
=650  \7$aMedicine.$2fast$0(OCoLC)fst01014893
=651  \2$aJapan.
=651  \7$aJapan.$2fast$0(OCoLC)fst01204082
=655  \7$aHistory.$2fast$0(OCoLC)fst01411628
=700  1\$6880-06,$aOgawa, Teizō,$d1901-$eeditor.
=700  1\$6880-07$aFujikawa, Yū,$d1865-1940.$tNihon igakushi.
=773  0\$tJapanKnowledge
=776  08$iPrint version:$aFujikawa, Yū, 1865-1940.$tNihon igakushi kōyō.$dTōkyō : Heibonsha, Shōwa 49 [1974]
=830  \0$6880-08$aTōyō bunko$v258, etc.
=856  40$3JapanKnowledge Volume 1$uhttp://japanknowledge.com/lib/display/?lid=80010V0258P0002$yJapanKnowledge Lib
=856  40$3JapanKnowledge Volume 2$uhttp://japanknowledge.com/lib/display/?lid=80010V0262P0002$yJapanKnowledge Lib
=880  1\$6100-01/{dollar}1$a富士川游,$d1865-1940.
=880  10$6245-02/{dollar}1$a日本医学史綱要 /$c富士川游著 ; 小川鼎三校注.
=880  \\$6250-03/{dollar}1$a初版.
=880  \\$6260-04/{dollar}1$a東京 :$b平凡社,$c昭和49 [1974]
=880  1\$6490-05/{dollar}1$a東洋文庫 ;$v258, 262
=880  1\$6700-06/{dollar}1$a小川鼎三,$d1901-$eeditor.
=880  1\$6700-07/{dollar}1$a富士川游,$d1865-1940.$t日本醫學史.
=880  \0$6830-08/{dollar}1$a東洋文庫 ;$v258, etc.
=859  \\$aORR$bJapanKnowledge
=CAT  \\$aW1704-1242$b00$c20170509$lBLL01$h0927
=CAT  \\$aBATCH-UPD$b00$c20170509$lBLL01$h0929
=CAT  \\$aBATCH-UPD$b00$c20170509$lBLL01$h0938
=CAT  \\$aW2003-0365$c20200305$lBLL01$h1101
=FIN  \\$aY$d20170509
=SID  \\$aZ30$bOCLC
=SRC  \\$aJapanKnowledge_2017$bJK_OCLC20170203.mrc
=LAS  \\$aW2003-0365$b00$c20200305$lBLL01$h1101

