=LDR  02401 am a22006134i 4500
=001  018337809
=003  Uk
=005  20170106042820.0
=006  m\\\\\o\\d\\\\\\\\
=007  cr\|||||||||||
=008  151112s1971\\\\ja\\\\\\ob\\\\000\0\jpn\d
=FMT  \\$a  BK
=020  \\$z4560055068
=020  \\$z9784560055069
=035  \\$a(OCoLC)928950150
=040  \\$aYUS$beng$cYUS$dOCLCO$dYUS$dOCLCO$dUk$erda$epn
=041  1\$ajpn$hfre
=050  \4$aDD247.H5$bD37163 1971
=100  1\$aDavid, Claude,$d1913-1999,$eauthor,$eauthor.
=240  10$aHitler et le nazisme.$lJapanese
=245  10$6880-01$aHitorā to natizumu =$bHitler et le nazisme /$cKurōdo Davido cho ; Hasegawa Kimiaki yaku.
=246  1\$aHitler et le nazisme
=264  \1$6880-02$aTōkyō :$bHakusuisha,$c1971.
=300  \\$a1 online resource.
=336  \\$atext$btxt$2rdacontent
=337  \\$acomputer$bc$2rdamedia
=338  \\$aonline resource$bcr$2rdacarrier
=490  1\$6880-03$aBunko kuseju ;$v506
=500  \\$aTranslation of: Hitler et le nazisme (6th ed.), 1969.
=504  \\$aIncludes bibliographical references.
=588  \\$aDescription based on print version.
=600  10$aHitler, Adolf,$d1889-1945.
=600  17$aHitler, Adolf,$d1889-1945$2fast$0(OCoLC)fst00034591
=650  \0$aNational socialism.
=650  \7$aNational socialism.$2fast$0(OCoLC)fst01033761
=700  1\$6880-06,$aHasegawa, Kimiaki,$d1929-$etranslator.
=773  0\$tJapanKnowledge
=776  08$iPrint version:$tHitorā to natizumu
=830  \0$6880-07$aBunko kuseju$v506.
=856  40$3JapanKnowledge$uhttp://japanknowledge.com/lib/display/?lid=8021005060000$yJapanKnowledge Lib
=880  10$6245-01$aヒトラーとナチズム =$bHitler et le nazisme /$cクロード・ダヴィド著 ; 長谷川公昭訳.
=880  \1$6264-02$a東京 :$b白水社,$c1971.
=880  1\$6490-03$a文庫クセジュ ;$v506
=880  1\$6700-06$a長谷川公昭,$d1929-$etranslator.
=880  \0$6830-07$a文庫クセジュ ;$v506.
=859  \\$aORR$bJapanKnowledge
=CAT  \\$aW1704-1242$b00$c20170509$lBLL01$h0927
=CAT  \\$aBATCH-UPD$b00$c20170509$lBLL01$h0929
=CAT  \\$aW2003-0365$c20200305$lBLL01$h1101
=CAT  \\$aBATCH-UPD$b00$c20210520$lBLL01$h2038
=FIN  \\$aY$d20170509
=SID  \\$aZ30$bOCLC
=SRC  \\$aJapanKnowledge_2017$bJK_OCLC20170203.mrc
=LAS  \\$aBATCH-UPD$b00$c20210520$lBLL01$h2038

