=LDR  02060 am a22005654i 4500
=001  018337810
=003  Uk
=005  20170106042820.0
=006  m\\\\\o\\d\\\\\\\\
=007  cr\|||||||||||
=008  151113s1990\\\\ja\\\\\\o\\\\\000\0\jpn\d
=FMT  \\$a  BK
=020  \\$z4560057079
=020  \\$z9784560057070
=035  \\$a(OCoLC)929030640
=040  \\$aYUS$beng$cYUS$dYUS$dOCLCO$dOCLCF$dUk$erda$epn
=041  1\$ajpn$hfre
=100  1\$aArvon, Henri,$d1914-1992,$eauthor.
=240  10$aBouddhisme.$lJapanese
=245  10$6880-01$aBukkyō /$cAnri Aruvon cho ; Watanabe Shōkō yaku.
=264  \1$6880-02$aTōkyō :$bHakusuisha,$c1990.
=300  \\$a1 online resource.
=336  \\$atext$btxt$2rdacontent
=337  \\$acomputer$bc$2rdamedia
=338  \\$aonline resource$bcr$2rdacarrier
=490  1\$6880-03$aBunko kuseju ;$v707
=588  \\$aDescription based on print version.
=650  \0$aBuddha (The concept)
=650  \0$aBuddhism.
=650  \7$aBuddha (The concept)$2fast$0(OCoLC)fst00840022
=650  \7$aBuddhism.$2fast$0(OCoLC)fst00840028
=700  1\$6880-04$aWatanabe, Shōkō,$d1907-1977
=730  0\$aPatrimoines (Editions du Cerf).$pBouddhisme.
=773  0\$tJapanKnowledge
=776  08$iPrint version:$tBukkyō.
=830  \0$6880-05$aBunko kuseju$v707.
=856  40$3JapanKnowledge$uhttp://japanknowledge.com/lib/display/?lid=8021007070000$yJapanKnowledge Lib
=880  10$6245-01/{dollar}1$a仏敎 /$cアンリ・アルヴォン著 ; 渡辺照宏訳.
=880  \1$6264-02/{dollar}1$a東京 :$b白水社,$c1990.
=880  1\$6490-03/{dollar}1$a文庫クセジュ ;$v707
=880  1\$6700-04/{dollar}1$a渡辺照宏,$d1907-1977.
=880  \0$6830-05/{dollar}1$a文庫クセジュ ;$v707.
=859  \\$aORR$bJapanKnowledge
=CAT  \\$aW1704-1242$b00$c20170509$lBLL01$h0927
=CAT  \\$aBATCH-UPD$b00$c20170509$lBLL01$h0929
=CAT  \\$aW2003-0365$c20200305$lBLL01$h1101
=FIN  \\$aY$d20170509
=SID  \\$aZ30$bOCLC
=SRC  \\$aJapanKnowledge_2017$bJK_OCLC20170203.mrc
=LAS  \\$aW2003-0365$b00$c20200305$lBLL01$h1101

