=LDR  02257 am a22006134i 4500
=001  018337811
=003  Uk
=005  20170106042821.0
=006  m\\\\\o\\d\\\\\\\\
=007  cr\|||||||||||
=008  151112s1997\\\\ja\ab\\\ob\\\\000\0\jpn\d
=FMT  \\$a  BK
=020  \\$z4096580058
=020  \\$z9784096580059
=035  \\$a(OCoLC)928950311
=040  \\$aYUS$beng$cYUS$dOCLCO$dYUS$dOCLCO$dYUS$dOCLCO$dUk$erda$epn
=043  \\$aa-ja---
=050  \4$aDS822$b.K63 1997
=130  0\$6880-01$aKofudoki.
=245  10$6880-02$aFudoki /$ckōchū, yaku Uegaki Setsuya.
=264  \1$6880-04$aTōkyō :$bShōgakkan,$c1997.
=300  \\$a1 online resource.
=336  \\$atext$btxt$2rdacontent
=337  \\$acomputer$bc$2rdamedia
=338  \\$aonline resource$bcr$2rdacarrier
=490  1\$6880-05$aShinpen Nihon koten bungaku zenshū ;$v5
=504  \\$aIncludes bibliographical references.
=588  \\$aDescription based on print version.
=650  \7$aTravel.$2fast$0(OCoLC)fst01155558
=651  \0$aJapan$xDescription and travel.
=651  \0$aJapan$xHistory, Local$vSources.
=651  \7$aJapan.$2fast$0(OCoLC)fst01204082
=655  \7$aLocal history.$2fast$0(OCoLC)fst01411631
=655  \7$aSources.$2fast$0(OCoLC)fst01423900
=700  1\$6880-06$aUegaki, Setsuya,$d1927-
=773  0\$tJapanKnowledge
=776  08$iPrint version:$tFudoki
=830  \0$6880-07$aShinpen Nihon koten bungaku zenshū$v5.
=856  40$3JapanKnowledge$uhttp://japanknowledge.com/lib/display/?lid=80110V00050001$yJapanKnowledge Lib
=880  0\$6130-01$a古風土記.
=880  10$6245-02$a風土記 /$c校注・訳 植垣節也.
=880  \1$6264-04$a東京 :$b小学館,$c1997.
=880  1\$6490-05$a新編日本古典文学全集 ;$v5
=880  1\$6700-06$a植垣節也,$d1927-
=880  \0$6830-07$a新編日本古典文学全集 ;$v5.
=859  \\$aORR$bJapanKnowledge
=CAT  \\$aW1704-1242$b00$c20170509$lBLL01$h0927
=CAT  \\$aBATCH-UPD$b00$c20170509$lBLL01$h0929
=CAT  \\$aW2003-0365$c20200305$lBLL01$h1101
=CAT  \\$aBATCH-UPD$b00$c20200918$lBLL01$h2045
=FIN  \\$aY$d20170509
=SID  \\$aZ30$bOCLC
=SRC  \\$aJapanKnowledge_2017$bJK_OCLC20170203.mrc
=LAS  \\$aBATCH-UPD$b00$c20200918$lBLL01$h2045

