=LDR  03186 am a22007574i 4500
=001  018337812
=003  Uk
=005  20170106042821.0
=006  m\\\\\o\\d\\\\\\\\
=007  cr\|||||||||||
=008  151112s1999\\\\ja\ab\\\ob\\\\001\1\jpn\d
=FMT  \\$a  BK
=020  \\$z4096580473
=020  \\$z9784096580479
=035  \\$a(OCoLC)928950405
=040  \\$aYUS$beng$cYUS$dOCLCO$dYUS$dOCL$dYUS$dOCLCO$dUk$erda$epn
=043  \\$aa-ja---
=050  \4$aPL789$b.K4 1999
=100  0\$6880-01,$aKenrei Mon'in Ukyō no Daibu,$d1157?-$eauthor.
=245  10$6880-02$aKenrei Mon'in Ukyō no Daibu shū.$bTowazugatari /$ckōchū, yaku Kubota Jun.
=246  3\$6880-03$aKenrei Mon'in Ukyō no Daibu shū. Towazugatari
=264  \1$6880-04$aTōkyō :$bShōgakkan,$c1999.
=300  \\$a1 online resource.
=336  \\$atext$btxt$2rdacontent
=337  \\$acomputer$bc$2rdamedia
=338  \\$aonline resource$bcr$2rdacarrier
=490  1\$6880-05$aShinpen Nihon koten bungaku zenshū ;$v47
=504  \\$aIncludes bibliographical references and indexes.
=588  \\$aDescription based on print version.
=648  \7$a1185-1600$2fast
=650  \0$aJapanese diaries$y1185-1600.
=650  \0$aJapanese poetry$y1185-1600.
=650  \0$aWaka.
=650  \7$aCourts and courtiers.$2fast$0(OCoLC)fst00881829
=650  \7$aJapanese diaries.$2fast$0(OCoLC)fst00981498
=650  \7$aJapanese poetry.$2fast$0(OCoLC)fst00981898
=650  \7$aWaka.$2fast$0(OCoLC)fst01169959
=651  \0$aJapan$xCourt and courtiers.
=651  \7$aJapan.$2fast$0(OCoLC)fst01204082
=700  02$6880-06.$aNakanoin Masatada no Musume,$d1258-$tTowazugatari.
=700  1\$6880-07$aKubota, Jun,$d1933-
=740  02$6880-08$aTowazugatari.
=773  0\$tJapanKnowledge
=776  08$iPrint version:$tKenrei Mon'in Ukyō no Daibu shū
=830  \0$6880-09$aShinpen Nihon koten bungaku zenshū$v47.
=856  40$3JapanKnowledge Volume 2$uhttp://japanknowledge.com/lib/display/?lid=80110V00470187$yJapanKnowledge Lib
=856  40$3JapanKnowledge Volume 1$uhttp://japanknowledge.com/lib/display/?lid=80110V00470009$yJapanKnowledge Lib
=880  0\$6100-01/{dollar}1$a建礼門院右京大夫,$d1157?-$eauthor
=880  10$6245-02/{dollar}1$a建礼門院右京大夫集.$bとはずがたり /$c校注・訳久保田淳.
=880  3\$6246-03/{dollar}1$a建礼門院右京大夫集. とはずがたり
=880  \1$6264-04/{dollar}1$a東京 :$b小学館,$c1999.
=880  1\$6490-05/{dollar}1$a新編日本古典文学全集 ;$v47
=880  02$6700-06/{dollar}1$a中院雅忠女,$d1258-$tとはずがたり.
=880  1\$6700-07/{dollar}1$a久保田淳,$d1933-
=880  02$6740-08/{dollar}1$aとはずがたり.
=880  \0$6830-09/{dollar}1$a新編日本古典文学全集 ;$v47.
=859  \\$aORR$bJapanKnowledge
=CAT  \\$aW1704-1242$b00$c20170509$lBLL01$h0927
=CAT  \\$aBATCH-UPD$b00$c20170509$lBLL01$h0929
=CAT  \\$aBATCH-UPD$b00$c20170509$lBLL01$h0938
=CAT  \\$aW2003-0365$c20200305$lBLL01$h1101
=CAT  \\$aBATCH-UPD$b00$c20200918$lBLL01$h2045
=FIN  \\$aY$d20170509
=SID  \\$aZ30$bOCLC
=SRC  \\$aJapanKnowledge_2017$bJK_OCLC20170203.mrc
=LAS  \\$aBATCH-UPD$b00$c20200918$lBLL01$h2045

