=LDR  02172 am a22005774i 4500
=001  018337813
=003  Uk
=005  20170106042821.0
=006  m\\\\\o\\d\\\\\\\\
=007  cr\|||||||||||
=008  151113s1952\\\\ja\\\\\\ob\\\\000\0\jpn\d
=FMT  \\$a  BK
=020  \\$z4560050287
=020  \\$z9784560050286
=035  \\$a(OCoLC)929031183
=040  \\$aCNEAL$beng$cYUS$dOCLCO$dYUS$dOCLCO$dOCLCF$dOCLCA$dUk$erda$epn
=041  1\$ajpn$hfre
=050  \4$aPR85$b.L35167 1952
=100  1\$aLalou, René,$d1889-1960,$eauthor.
=245  10$6880-01$aEibungakushi /$cRune Rarū cho ; Yoshida Ken'ichi yaku.
=264  \1$6880-02$aTōkyō :$bHakusuisha,$c1952.
=300  \\$a1 online resource.
=336  \\$atext$btxt$2rdacontent
=337  \\$acomputer$bc$2rdamedia
=338  \\$aonline resource$bcr$2rdacarrier
=490  1\$6880-03$aBunko kuseju ;$v28
=504  \\$aIncludes bibliographical references.
=588  \\$aDescription based on print version.
=650  \0$aEnglish literature$xHistory and criticism.
=650  \7$aEnglish literature.$2fast$0(OCoLC)fst00911989
=655  \7$aCriticism, interpretation, etc.$2fast$0(OCoLC)fst01411635
=700  1\$6880-04$aYoshida, Ken'ichi,$d1912-1977
=730  0\$aLittérature anglaise.
=773  0\$tJapanKnowledge
=776  08$iPrint version:$tEibungakushi
=830  \0$6880-05$aBunko kuseju$v28.
=856  40$3JapanKnowledge$uhttp://japanknowledge.com/lib/display/?lid=8021000280000$yJapanKnowledge Lib
=880  10$6245-01/{dollar}1$a英文学史 /$cルネ・ラルー著 ; 吉田健一訳.
=880  \1$6264-02/{dollar}1$a東京 :$b白水社,$c1952.
=880  1\$6490-03/{dollar}1$a文庫クセジュ ;$v28
=880  1\$6700-04/{dollar}1$a吉田健一,$d1912-1977.
=880  \0$6830-05/{dollar}1$a文庫クセジュ ;$v28.
=859  \\$aORR$bJapanKnowledge
=CAT  \\$aW1704-1242$b00$c20170509$lBLL01$h0927
=CAT  \\$aBATCH-UPD$b00$c20170509$lBLL01$h0929
=CAT  \\$aBATCH-UPD$b00$c20170509$lBLL01$h0938
=CAT  \\$aW2003-0365$c20200305$lBLL01$h1101
=FIN  \\$aY$d20170509
=SID  \\$aZ30$bOCLC
=SRC  \\$aJapanKnowledge_2017$bJK_OCLC20170203.mrc
=LAS  \\$aW2003-0365$b00$c20200305$lBLL01$h1101

