=LDR  03109cam a22007094i 4500
=001  018337814
=003  Uk
=005  20170106042822.0
=006  m\\\\\o\\d\\\\\\\\
=007  cr\|||||||||||
=008  151113s1991\\\\ja\\\\\\ob\\\\000\0\jpn\d
=FMT  \\$a  BK
=020  \\$z4560057192
=020  \\$z9784560057193
=035  \\$a(OCoLC)929028992
=040  \\$aSTF$beng$cYUS$dOCLCO$dYUS$dOCLCO$dOCLCF$dUk$erda$epn
=041  1\$ajpn$hfre
=050  \4$aGN308.3.F8$bC85163 1991
=100  1\$aCuisenier, Jean,$d1927-$eauthor.
=240  10$aEthnologie de la France.$lJapanese
=245  10$6880-01$aFuransu no minzokugaku /$cJan Kyuizunie, Marutīnu Segaren cho ; Higuchi Atsushi, Nomura Noriko kyōyaku.
=264  \1$6880-02$aTōkyō :$bHakusuisha,$c1991.
=300  \\$a1 online resource (143, 17 pages).
=336  \\$atext$btxt$2rdacontent
=337  \\$acomputer$bc$2rdamedia
=338  \\$aonline resource$bcr$2rdacarrier
=490  1\$6880-03$aBunko kuseju ;$v719
=500  \\$aTranslation of: Ethnologie de la France. Paris : Presses universitaires de France, 1986.
=504  \\$aIncludes bibliographical references.
=588  \\$aDescription based on print version record.
=650  \0$aEthnology$zFrance$xHistory.
=650  \0$aFolklore$zFrance.
=650  \7$aEthnology.$2fast$0(OCoLC)fst00916106
=650  \7$aFolklore.$2fast$0(OCoLC)fst00930306
=650  \7$aManners and customs.$2fast$0(OCoLC)fst01007815
=651  \0$aFrance$xSocial life and customs.
=651  \7$aFrance.$2fast$0(OCoLC)fst01204289
=655  \7$aHistory.$2fast$0(OCoLC)fst01411628
=700  1\$6880-04,$aHiguchi, Atsushi,$d1946-$etranslator.
=700  1\$6880-05$aNomura, Noriko,$etranslator.
=700  1\$aSegalen, Martine,$eauthor.
=773  0\$tJapanKnowledge
=776  08$6880-06$iPrint version:$aCuisenier, Jean, 1927-$sEthnologie de la France. Japanese.$tFuransu no minzokugaku.$dTōkyō : Hakusuisha, 1991
=830  \0$6880-07$aBunko kuseju$v719.
=856  40$3JapanKnowledge$uhttp://japanknowledge.com/lib/display/?lid=8021007190000$yJapanKnowledge Lib
=880  10$6245-01$aフランスの民族学 /$cジャン・キュイズニエ, マルティーヌ・セガレン著 ; 樋口淳, 野村訓子共訳.
=880  \1$6264-02$a東京 :$b白水社,$c1991.
=880  1\$6490-03$a文庫クセジュ ;$v719
=880  1\$6700-04$a樋口淳,$d1946-$etranslator.
=880  1\$6700-05$a野村訓子,$etranslator.
=880  08$6776-06$iPrint version:$aCuisenier, Jean, 1927-$sEthnologie de la France. Japanese.$tフランスの民族学.$d東京 : 白水社, 1991$w(OCoLC)33730387
=880  \0$6830-07$a文庫クセジュ ;$v719.
=859  \\$aORR$bJapanKnowledge
=CAT  \\$aW1704-1242$b00$c20170509$lBLL01$h0927
=CAT  \\$aBATCH-UPD$b00$c20170509$lBLL01$h0929
=CAT  \\$aBATCH-UPD$b00$c20170509$lBLL01$h0938
=CAT  \\$aW2003-0365$c20200305$lBLL01$h1101
=CAT  \\$aBATCH-UPD$b00$c20221120$lBLL01$h2113
=FIN  \\$aY$d20170509
=SID  \\$aZ30$bOCLC
=SRC  \\$aJapanKnowledge_2017$bJK_OCLC20170203.mrc
=LAS  \\$aBATCH-UPD$b00$c20221120$lBLL01$h2113

