=LDR  02613 am a22006134i 4500
=001  018337815
=003  Uk
=005  20170106042822.0
=006  m\\\\\o\\d\\\\\\\\
=007  cr\|||||||||||
=008  151113s1965\\\\ja\\\\\\ob\\\\000\0\jpn\d
=FMT  \\$a  BK
=035  \\$a(OCoLC)929028883
=040  \\$aSTF$beng$cYUS$dOCLCO$dYUS$dOCLCO$dOCLCF$dUk$erda$epn
=041  1\$ajpn$hfre
=050  \4$aQK83$b.G98163 1965
=100  1\$aGuyot, A.-L.$q(A.-Lucien),$d1901-$eauthor.
=240  10$aHistoria de las flores.$lJapanese
=245  10$6880-01$aHana no rekishi /$cRyushian Giyō, Piēru Jibashie cho ; Kushida Magoichi yaku.
=264  \1$6880-02$aTōkyō :$bHakusuisha,$c1965.
=300  \\$a1 online resource (162 pages).
=336  \\$atext$btxt$2rdacontent
=337  \\$acomputer$bc$2rdamedia
=338  \\$aonline resource$bcr$2rdacarrier
=490  1\$6880-03$aBunko kuseju ;$v377
=500  \\$aIncludes bibliographical references.
=500  \\$aTranslation of: Historia de las flores.
=504  \\$aIncludes bibliographical references.
=588  \\$aDescription based on print version record.
=650  \0$aPlants$vFolklore.
=650  \0$aFlowers.
=650  \7$aFlowers.$2fast$0(OCoLC)fst00927866
=650  \7$aPlants.$2fast$0(OCoLC)fst01065823
=655  \7$aFolklore.$2fast$0(OCoLC)fst01423784
=700  1\$6880-04,$aKushida, Magoichi,$d1915-2005$etranslator.
=700  1\$aGibassier, Pierre,$eauthor.
=773  0\$tJapanKnowledge
=776  08$6880-05$iPrint version:$aGuyot, A.-L. (A.-Lucien), 1901-$sHistoria de las flores. Japanese.$tHana no rekishi.$dTōkyō : Hakusuisha, 1965
=830  \0$6880-06$aBunko kuseju$v377.
=856  40$3JapanKnowledge$uhttp://japanknowledge.com/lib/display/?lid=8021003770000$yJapanKnowledge Lib
=880  10$6245-01$a花の歴史 /$cリュシアン・ギヨー, ピエール・ジバシエ著 ; 串田孫一訳.
=880  \1$6264-02$a東京 :$b白水社,$c1965.
=880  1\$6490-03$a文庫クセジュ ;$v377
=880  1\$6700-04$a串田孫一,$d1915-2005,$etranslator.
=880  08$6776-05$iPrint version:$aGuyot, A.-L. (A.-Lucien), 1901-$sHistoria de las flores. Japanese.$t花の歴史.$d東京 : 白水社, 1965$w(OCoLC)33644081
=880  \0$6830-06$a文庫クセジュ ;$v377.
=859  \\$aORR$bJapanKnowledge
=CAT  \\$aW1704-1242$b00$c20170509$lBLL01$h0927
=CAT  \\$aBATCH-UPD$b00$c20170509$lBLL01$h0929
=CAT  \\$aW2003-0365$c20200305$lBLL01$h1101
=FIN  \\$aY$d20170509
=SID  \\$aZ30$bOCLC
=SRC  \\$aJapanKnowledge_2017$bJK_OCLC20170203.mrc
=LAS  \\$aW2003-0365$b00$c20200305$lBLL01$h1101

