=LDR  02520 am a22006257a 4500
=001  018337816
=003  Uk
=005  20170106042822.0
=006  m\\\\\o\\d\\\\\\\\
=007  cr\|||||||||||
=008  100626r19791927ja\c\\\\o\\\\\000\0cjpn\d
=FMT  \\$a  BK
=019  \\$a297856890
=035  \\$a(OCoLC)643743280$z(OCoLC)297856890
=040  \\$aOCLCE$beng$cOCLCE$dCUS$dOCLCQ$dOCLCO$dOCLCQ$dOCLCF$dOCLCO$dYUS$dOCLCO$dYUS$dOCLCO$dOCLCQ$dYUS$dOCLCO$dUk$epn
=042  \\$adlr
=043  \\$aa-ja---
=050  \4$aBQ974.A547$bA33 1979 <Orien Japan>
=100  1\$6880-01$aNanjio, Bunyiu,$d1849-1927
=245  10$6880-02$aKaikyūroku :$bSansukuritto kotohajime /$cNanjō Bun'yū.
=250  \\$6880-03$a[Fukkoku] shohan.
=260  \\$6880-04$aTōkyō :$bHeibonsha,$c1979.
=300  \\$a1 online resource (xi, 337 pages) :$bportrait.
=336  \\$atext$btxt$2rdacontent
=337  \\$acomputer$bc$2rdamedia
=338  \\$aonline resource$bcr$2rdacarrier
=490  1\$6880-05$aTōyō bunko ;$v359
=588  0\$aPrint version record.
=600  10$6880-06$aNanjio, Bunyiu,$d1849-1927
=600  17$aNanjio, Bunyiu,$d1849-1927$2fast$0(OCoLC)fst00070018
=650  \0$aBuddhist scholars$zJapan$vBiography.
=650  \0$aShin priests$zJapan$vBiography.
=650  \7$aBuddhist scholars.$2fast$0(OCoLC)fst01727641
=650  \7$aShin priests.$2fast$0(OCoLC)fst01732959
=651  \7$aJapan.$2fast$0(OCoLC)fst01204082
=655  \7$aBiography.$2fast$0(OCoLC)fst01423686
=773  0\$tJapanKnowledge
=776  08$iPrint version:$aNanjio, Bunyiu, 1849-1927.$tKaikyūroku.$b[Fukkoku] shohan.$dTōkyō : Heibonsha, 1979
=830  \0$6880-07$aTōyō bunko$v359.
=856  40$3JapanKnowledge$uhttp://japanknowledge.com/lib/display/?lid=80010V0359P0002$yJapanKnowledge Lib
=880  1\$6100-01/{dollar}1$a南条文雄,$d1849-1927.
=880  10$6245-02/{dollar}1$a懷旧錄 :$bサンスクリット事始め /$c南条文雄.
=880  \\$6250-03/{dollar}1$a[覆刻] 初版.
=880  \\$6260-04/{dollar}1$a東京 :$b平凡社,$c1979.
=880  1\$6490-05/{dollar}1$a東洋文庫 ;$v359
=880  14$6600-06/{dollar}1$a南条文雄,$d1849-1927.
=880  \0$6830-07/{dollar}1$a東洋文庫 ;$v359.
=859  \\$aORR$bJapanKnowledge
=CAT  \\$aW1704-1242$b00$c20170509$lBLL01$h0927
=CAT  \\$aBATCH-UPD$b00$c20170509$lBLL01$h0929
=CAT  \\$aW2003-0365$c20200305$lBLL01$h1101
=FIN  \\$aY$d20170509
=SID  \\$aZ30$bOCLC
=SRC  \\$aJapanKnowledge_2017$bJK_OCLC20170203.mrc
=LAS  \\$aW2003-0365$b00$c20200305$lBLL01$h1101

