=LDR  02459 am a22005894i 4500
=001  018337817
=003  Uk
=005  20170106042822.0
=006  m\\\\\o\\d\\\\\\\\
=007  cr\|||||||||||
=008  151113s1966\\\\ja\\\\\\ob\\\\000\0\jpn\d
=FMT  \\$a  BK
=020  \\$z4560050791
=020  \\$z9784560050798
=035  \\$a(OCoLC)929028977
=040  \\$aSTF$beng$cYUS$dOCLCO$dYUS$dOCLCO$dOCLCF$dUk$erda$epn
=041  1\$ajpn$hfre
=050  \4$aDC203$b.C16163 1966
=100  1\$aCalvet, Henri,$eauthor.
=240  10$aNapoléon.$lJapanese
=245  10$6880-01$aNaporeon :$bkaiyaku /$cAnri Karuve cho ; Inoue Kōji yaku.
=264  \1$6880-02$aTōkyō :$bHakusuisha,$c1966.
=300  \\$a1 online resource (149, 2 pages).
=336  \\$atext$btxt$2rdacontent
=337  \\$acomputer$bc$2rdamedia
=338  \\$aonline resource$bcr$2rdacarrier
=490  1\$6880-03$aBunko kuseju ;$v79
=500  \\$aTranslation of: Napoléon.
=504  \\$aIncludes bibliographical references (page 2 (2nd group)).
=588  \\$aDescription based on print version record.
=600  00$aNapoleon$bI,$cEmperor of the French,$d1769-1821.
=600  07$aNapoleon$bI,$cEmperor of the French,$d1769-1821$2fast$0(OCoLC)fst00035482
=700  1\$6880-04,$aInoue, Kōji,$d1910-1989$etranslator.
=773  0\$tJapanKnowledge
=776  08$6880-05$iPrint version:$aCalvet, Henri.$sNapoléon. Japanese.$tNaporeon : kaiyaku.$dTōkyō : Hakusuisha, 1966
=830  \0$6880-06$aBunko kuseju$v79.
=856  40$3JapanKnowledge$uhttp://japanknowledge.com/lib/display/?lid=8021000790000$yJapanKnowledge Lib
=880  10$6245-01$aナポレオン :$b改訳 /$cアンリ・カルヴェ著 ; 井上幸治訳.
=880  \1$6264-02$a東京 :$b白水社,$c1966.
=880  1\$6490-03$a文庫クセジュ ;$v79
=880  1\$6700-04$a井上幸治,$d1910-1989,$etranslator.
=880  08$6776-05$iPrint version:$aCalvet, Henri.$sNapoléon. Japanese.$tナポレオン : 改訳.$d東京 : 白水社, 1966$w(OCoLC)33652853
=880  \0$6830-06$a文庫クセジュ ;$v79.
=859  \\$aORR$bJapanKnowledge
=CAT  \\$aW1704-1242$b00$c20170509$lBLL01$h0927
=CAT  \\$aBATCH-UPD$b00$c20170509$lBLL01$h0929
=CAT  \\$aBATCH-UPD$b00$c20170509$lBLL01$h0938
=CAT  \\$aW2003-0365$c20200305$lBLL01$h1101
=FIN  \\$aY$d20170509
=SID  \\$aZ30$bOCLC
=SRC  \\$aJapanKnowledge_2017$bJK_OCLC20170203.mrc
=LAS  \\$aW2003-0365$b00$c20200305$lBLL01$h1101

