=LDR  02132 am a22005537  4500
=001  018337818
=003  Uk
=005  20170106042823.0
=006  m\\\\\o\\d\\\\\\\\
=007  cr\|||||||||||
=008  100315s1972\\\\ja\c\\\\o\\\\\000\0bjpn\d
=FMT  \\$a  BK
=019  \\$a300845608
=035  \\$a(OCoLC)556495642$z(OCoLC)300845608
=040  \\$aOCLCE$beng$cOCLCE$dOCLCQ$dCUS$dOCLCA$dCUS$dOCLCQ$dYUS$dOCLCO$dYUS$dOCLCO$dOCLCQ$dYUS$dOCLCO$dUk$epn
=042  \\$adlr
=050  \4$aCT1838.M65$bY35 1972
=100  1\$6880-01$aYamakawa, Kikue,$d1890-1980
=245  10$6880-02$aOnna nidai no ki$cYamakawa Kikue cho.
=250  \\$6880-03$aShohan.
=260  \\$6880-04$aTōkyō,$bHeibonsha,$cShōwa 47 (1972)
=300  \\$a1 online resource (374 pages)$bportrait.
=336  \\$atext$btxt$2rdacontent
=337  \\$acomputer$bc$2rdamedia
=338  \\$aonline resource$bcr$2rdacarrier
=490  1\$6880-05$aTōyō bunko,$v203
=588  0\$aPrint version record.
=600  10$6880-06$aMorita, Chise,$d1857-1947.
=600  10$6880-07$aYamakawa, Kikue,$d1890-1980
=773  0\$tJapanKnowledge
=776  08$iPrint version:$aYamakawa, Kikue, 1890-$tOnna nidai no ki.$dTōkyō, Heibonsha, Shōwa 47 (1972)
=830  \0$6880-08$aTōyō bunko$v203.
=856  40$3JapanKnowledge$uhttp://japanknowledge.com/lib/display/?lid=80010V0203P0003$yJapanKnowledge Lib
=880  1\$6100-01/{dollar}1$a山川菊栄,$d1890-1980.
=880  10$6245-02/{dollar}1$aおんな二代の記$c山川菊栄著.
=880  \\$6250-03/{dollar}1$a初版.
=880  \\$6260-04/{dollar}1$a東京,$b平凡社,$c昭和47 (1972)
=880  1\$6490-05/{dollar}1$a東洋文庫,$v203
=880  14$6600-06/{dollar}1$a森田千世,$d1857-1947.
=880  14$6600-07/{dollar}1$a山川菊栄,$d1890-1980.
=880  \0$6830-08/{dollar}1$a東洋文庫 ;$v203.
=859  \\$aORR$bJapanKnowledge
=CAT  \\$aW1704-1242$b00$c20170509$lBLL01$h0927
=CAT  \\$aBATCH-UPD$b00$c20170509$lBLL01$h0929
=CAT  \\$aW2003-0365$c20200305$lBLL01$h1101
=FIN  \\$aY$d20170509
=SID  \\$aZ30$bOCLC
=SRC  \\$aJapanKnowledge_2017$bJK_OCLC20170203.mrc
=LAS  \\$aW2003-0365$b00$c20200305$lBLL01$h1101

