=LDR  02187 am a22005654i 4500
=001  018337819
=003  Uk
=005  20170106042823.0
=006  m\\\\\o\\d\\\\\\\\
=007  cr\|||||||||||
=008  151117s2006\\\\ja\\\\\gob\\\\000\0\jpn\d
=FMT  \\$a  BK
=020  \\$z4560508992
=020  \\$z9784560508992
=035  \\$a(OCoLC)929688422
=040  \\$aWTU$beng$cYUS$dOCLCO$dYUS$dOCLCO$dOCLCF$dOCLCA$dUk$erda$epn
=041  1\$ajpn$hfre
=100  1\$aGiuliani, Jean-Dominique,$eauthor.
=240  10$aÉlargissement de l'Europe.$lJapanese
=245  10$6880-01$aKakudai Yōroppa /$cJan Dominikku Juriāni cho ; Honda Tsutomu yaku.
=264  \1$6880-02$aTōkyō :$bHakusuisha,$c2006.
=300  \\$a1 online resource.
=336  \\$atext$btxt$2rdacontent
=337  \\$acomputer$bc$2rdamedia
=338  \\$aonline resource$bcr$2rdacarrier
=490  1\$6880-03$aBunko Kuseju ;$v899
=504  \\$aIncludes bibliographical references.
=588  \\$aDescription based on print version.
=610  20$aEuropean Union.
=610  27$aEuropean Union$2fast$0(OCoLC)fst00916630
=700  1\$6880-04$aHonda, Tsutomu,$d1947-$etranslator.
=700  1\$iTranslation of:$aGiuliani, Jean-Dominique.$tL'élargissement de l'Europe.
=773  0\$tJapanKnowledge
=776  08$iPrint version:$tKakudai yōroppa
=830  \0$6880-05$aBunko kuseju$v899.
=856  40$3JapanKnowledge$uhttp://japanknowledge.com/lib/display/?lid=8021008990000$yJapanKnowledge Lib
=880  10$6245-01$a拡大ヨーロッパ /$cジャン=ドミニック・ジュリアーニ著 ; 本多力訳.
=880  \1$6264-02$a東京 :$b白水社,$c2006.
=880  1\$6490-03$a文庫クセジュ ;$v899
=880  1\$6700-04$a本多力,$d1947-$etranslator.
=880  \0$6830-05$a文庫クセジュ ;$v899.
=859  \\$aORR$bJapanKnowledge
=CAT  \\$aW1704-1242$b00$c20170509$lBLL01$h0927
=CAT  \\$aBATCH-UPD$b00$c20170509$lBLL01$h0929
=CAT  \\$aBATCH-UPD$b00$c20170722$lBLL01$h1721
=CAT  \\$aW2003-0365$c20200305$lBLL01$h1101
=FIN  \\$aY$d20170509
=SID  \\$aZ30$bOCLC
=SRC  \\$aJapanKnowledge_2017$bJK_OCLC20170203.mrc
=LAS  \\$aW2003-0365$b00$c20200305$lBLL01$h1101

