=LDR  02815 am a22006614i 4500
=001  018337820
=003  Uk
=005  20170106042823.0
=006  m\\\\\o\\d\\\\\\\\
=007  cr\|||||||||||
=008  151112s2002\\\\ja\a\\\\ob\\\\001\0\jpn\d
=FMT  \\$a  BK
=020  \\$z4096580872
=020  \\$z9784096580875
=035  \\$a(OCoLC)928950234
=040  \\$aYUS$beng$cYUS$dOCLCO$dYUS$dOCLCO$dYUS$dOCLCO$dUk$erda$epn
=050  \4$aPL728$b.K38 2002
=245  00$6880-01$aKaronshū /$ckōchū, yaku Hashimoto Fumio, Ariyoshi Tamotsu, Fujihira Haruo.
=264  \1$6880-03$aTōkyō :$bShōgakkan,$c2002.
=300  \\$a1 online resource.
=336  \\$atext$btxt$2rdacontent
=337  \\$acomputer$bc$2rdamedia
=338  \\$aonline resource$bcr$2rdacarrier
=490  1\$6880-04$aShinpen Nihon koten bungaku zenshū ;$v87
=504  \\$aIncludes bibliographical references and index.
=505  0\$6880-05$aToshiyori zuinō -- Korai fūtei shō -- Kindai shūka -- Maigetsu shō -- Kokka hachiron -- Kaikō -- Niimanabi iken.
=588  \\$aDescription based on print version.
=648  \7$aTo 1868$2fast
=650  \0$aJapanese poetry$yTo 1868$xHistory and criticism.
=650  \0$aWaka$xHistory and criticism.
=650  \7$aJapanese poetry.$2fast$0(OCoLC)fst00981898
=650  \7$aWaka.$2fast$0(OCoLC)fst01169959
=655  \7$aCriticism, interpretation, etc.$2fast$0(OCoLC)fst01411635
=700  1\$6880-06$aHashimoto, Fumio,$d1922-1991
=700  1\$6880-07$aAriyoshi, Tamotsu,$d1927-
=700  1\$6880-08$aFujihira, Haruo,$d1923-1995
=773  0\$tJapanKnowledge
=776  08$iPrint version:$tKaronshū
=830  \0$6880-09$aShinpen Nihon koten bungaku zenshū$v87.
=856  40$3JapanKnowledge$uhttp://japanknowledge.com/lib/display/?lid=80110V00870001$yJapanKnowledge Lib
=880  00$6245-01$a歌論集 /$c校注・訳橋本不美男, 有吉保, 藤平春男.
=880  \1$6264-03$a東京 :$b小学館,$c2002.
=880  1\$6490-04$a新編日本古典文学全集 ;$v87
=880  0\$6505-05$a俊頼髄脳 -- 古来風躰抄 -- 近代秀歌 -- 詠歌大槪 -- 每月抄 -- 国歌八論 -- 歌意考 -- 新学異見.
=880  1\$6700-06$a橋本不美男,$d1922-
=880  1\$6700-07$a有吉保,$d1927-
=880  1\$6700-08$a藤平春男,$d1923-1995.
=880  \0$6830-09$a新編日本古典文学全集 ;$v87.
=859  \\$aORR$bJapanKnowledge
=CAT  \\$aW1704-1242$b00$c20170509$lBLL01$h0927
=CAT  \\$aBATCH-UPD$b00$c20170509$lBLL01$h0929
=CAT  \\$aBATCH-UPD$b00$c20170509$lBLL01$h0938
=CAT  \\$aW2003-0365$c20200305$lBLL01$h1101
=CAT  \\$aBATCH-UPD$b00$c20200918$lBLL01$h2045
=FIN  \\$aY$d20170509
=SID  \\$aZ30$bOCLC
=SRC  \\$aJapanKnowledge_2017$bJK_OCLC20170203.mrc
=LAS  \\$aBATCH-UPD$b00$c20200918$lBLL01$h2045

