=LDR  03248 am a22008297a 4500
=001  018337821
=003  Uk
=005  20170106042824.0
=006  m\\\\\o\\d\\\\\\\\
=007  cr\|||||||||||
=008  111008s1992\\\\ja\a\\\\ob\\\\000\0\jpn\d
=FMT  \\$a  BK
=019  \\$a777117201
=020  \\$z4582805493
=020  \\$z4582805495
=020  \\$z9784582805499
=035  \\$a(OCoLC)756407876$z(OCoLC)777117201
=040  \\$aOCLCE$beng$cOCLCE$dCUS$dOCLCQ$dOCLCA$dOCLCQ$dOCLCO$dOCLCQ$dOCLCF$dOCLCQ$dOCLCO$dYUS$dOCLCO$dYUS$dOCLCO$dOCLCQ$dYUS$dOCLCO$dUk$epn
=041  1\$ajpn$achi$hchi
=042  \\$adlr
=043  \\$aa-cc---
=050  \4$aPL2381$b.T716 1992
=084  \\$a384.9$2njb
=100  1\$6880-01$aCui, Lingqin,$dactive 749
=240  10$6880-02$aJiao fang ji.$lJapanese & Chinese
=245  10$6880-03$aKyōbōki ;$bHokurishi /$cSai Reikin, Son Kei cho ; Saitō Shigeru yakuchū.
=246  3\$aKyōbōki ; Hokurishi
=250  \\$6880-04$aShohan.
=260  \\$6880-05$aTōkyō :$bHeibonsha,$c1992.
=300  \\$a1 online resource (273 pages) :$billustrations.
=336  \\$atext$btxt$2rdacontent
=337  \\$acomputer$bc$2rdamedia
=338  \\$aonline resource$bcr$2rdacarrier
=490  1\$6880-06$aTōyō bunko ;$v549
=504  \\$6880-07$aIncludes bibliographical references (pages 54-56).
=588  0\$aPrint version record.
=650  \0$aProstitution$zChina.
=650  \0$aTheater$zChina.
=650  \7$aProstitution.$2fast$0(OCoLC)fst01079562
=650  \7$aTheater.$2fast$0(OCoLC)fst01149217
=651  \7$aChina.$2fast$0(OCoLC)fst01206073
=653  \\$6880-08$aYūkaku.
=653  \\$6880-09$aShōgi$aChūgoku.
=700  1\$6880-10$aSaitō, Shigeru,$d1950-
=700  12$6880-11.$aSun, Qi,$dactive 889$tBei li zhi.$lJapanese & Chinese.
=740  02$6880-12$aBei li zhi.
=773  0\$tJapanKnowledge
=776  08$iPrint version:$aCui, Lingqin, active 749.$sJiao fang ji. Japanese & Chinese.$tKyōbōki.$bShohan.$dTōkyō : Heibonsha, 1992
=830  \0$6880-13$aTōyō bunko$v549.
=856  40$3JapanKnowledge$uhttp://japanknowledge.com/lib/display/?lid=80010V0549P0002$yJapanKnowledge Lib
=880  1\$6100-01/{dollar}1$a崔令欽,$dactive 749.
=880  10$6240-02/{dollar}1$a敎坊記.$lJapanese & Chinese
=880  10$6245-03/{dollar}1$a敎坊記 ;$b北里志 /$c崔令欽, 孫棨著 ; 斎藤茂訳注.
=880  \\$6250-04/{dollar}1$a初版.
=880  \\$6260-05/{dollar}1$a東京 :$b平凡社,$c1992.
=880  1\$6490-06/{dollar}1$a東洋文庫 ;$v549
=880  \\$6504-07/{dollar}1$a参考文献: pages 54-56.
=880  \\$6653-08/{dollar}1$a遊廓.
=880  \\$6653-09/{dollar}1$a娼妓$a中国.
=880  1\$6700-10/{dollar}1$a斎藤茂,$d1950-
=880  12$6700-11/{dollar}1$a孫棨,$dactive 889.$t北里志.$lJapanese & Chinese.
=880  02$6740-12/{dollar}1$a北里志.
=880  \0$6830-13/{dollar}1$a東洋文庫 ;$v549.
=859  \\$aORR$bJapanKnowledge
=CAT  \\$aW1704-1242$b00$c20170509$lBLL01$h0927
=CAT  \\$aBATCH-UPD$b00$c20170509$lBLL01$h0929
=CAT  \\$aBATCH-UPD$b00$c20170509$lBLL01$h0938
=CAT  \\$aW2003-0365$c20200305$lBLL01$h1101
=FIN  \\$aY$d20170509
=SID  \\$aZ30$bOCLC
=SRC  \\$aJapanKnowledge_2017$bJK_OCLC20170203.mrc
=LAS  \\$aW2003-0365$b00$c20200305$lBLL01$h1101

