=LDR  02910 am a22007337i 4500
=001  018337822
=003  Uk
=005  20170106042824.0
=006  m\\\\\o\\d\\\\\\\\
=007  cr\unu---uuaua
=008  090107m19721973ja\\\\\\ob\\\\000\0\jpn\d
=FMT  \\$a  BK
=019  \\$a645373966
=020  \\$z458280215X$q(1)
=020  \\$z4582802257$q(2)
=020  \\$z4582802389$q(3)
=020  \\$z9784582802153$q(1)
=020  \\$z9784582802252$q(2)
=020  \\$z9784582802382$q(3)
=035  \\$a(OCoLC)297390941$z(OCoLC)645373966
=040  \\$aOCLCE$beng$cOCLCE$dOCLCE$dOCLCQ$dCUS$dOCLCQ$dOCLCO$dOCLCF$dYUS$dOCLCO$dYUS$dOCLCO$dOCLCQ$dYUS$dOCLCO$dUk$epn
=042  \\$adlr
=043  \\$aa-cc---
=050  \4$aGR825$b.M56
=084  \\$a388$2njb
=084  \\$aG189$2kktb
=100  1\$6880-01$aMinakata, Kumagusu,$d1867-1941
=245  10$6880-02$aJūnishi kō /$cMinakata Kumagusu cho, Iikura Shōhei kōtei.
=250  \\$6880-03$aShohan.
=260  \\$6880-04$aTōkyō :$bHeibonsha,$cShōwa 47-48 [1972-1973]
=300  \\$a1 online resource (3 volumes).
=336  \\$atext$btxt$2rdacontent
=337  \\$acomputer$bc$2rdamedia
=338  \\$aonline resource$bcr$2rdacarrier
=490  1\$6880-05$aTōyō bunko ;$v215, 225, 238
=504  \\$aIncludes bibliographical references.
=588  0\$aPrint version record.
=650  \0$aAnimals$vFolklore.
=650  \7$aAnimals.$2fast$0(OCoLC)fst00809468
=655  \4$aDensetsu.
=655  \4$aEto.
=655  \7$aFolklore.$2fast$0(OCoLC)fst01423784
=700  1\$6880-06$aIikura, Shōhei,$d1934-
=773  0\$tJapanKnowledge
=776  08$iPrint version:$aMinakata, Kumagusu, 1867-1941.$tJūnishi kō.$dTōkyō : Heibonsha, Shōwa 47-48 [1972-1973]$z458280215X$z9784582802153
=830  \0$6880-07$aTōyō bunko$v215, etc.
=856  40$3JapanKnowledge Volume 1$uhttp://japanknowledge.com/lib/display/?lid=80010V0215P0002$yJapanKnowledge Lib
=856  40$3JapanKnowledge Volume 2$uhttp://japanknowledge.com/lib/display/?lid=80010V0225P0002$yJapanKnowledge Lib
=856  40$3JapanKnowledge Volume 3$uhttp://japanknowledge.com/lib/display/?lid=80010V0238P0002$yJapanKnowledge Lib
=880  1\$6100-01/{dollar}1$a南方熊楠,$d1867-1941.
=880  10$6245-02/{dollar}1$a十二支考 /$c南方熊楠著, 飯倉照平校訂.
=880  \\$6250-03/{dollar}1$a初版.
=880  \\$6260-04/{dollar}1$a東京 :$b平凡社,$c昭和47-48 [1972-1973]
=880  1\$6490-05/{dollar}1$a東洋文庫 ;$v215, 225, 238
=880  1\$6700-06/{dollar}1$a飯倉照平,$d1934-
=880  \0$6830-07/{dollar}1$a東洋文庫 ;$v215, etc.
=859  \\$aORR$bJapanKnowledge
=CAT  \\$aW1704-1242$b00$c20170509$lBLL01$h0927
=CAT  \\$aBATCH-UPD$b00$c20170509$lBLL01$h0929
=CAT  \\$aW2003-0365$c20200305$lBLL01$h1101
=FIN  \\$aY$d20170509
=SID  \\$aZ30$bOCLC
=SRC  \\$aJapanKnowledge_2017$bJK_OCLC20170203.mrc
=LAS  \\$aW2003-0365$b00$c20200305$lBLL01$h1101

