=LDR  02245 am a22005657a 4500
=001  018337823
=003  Uk
=005  20170106042825.0
=006  m\\\\\o\\d\\\\\\\\
=007  cr\un|||||||||
=008  090202s2000\\\\ja\\\\\\ob\\\\000\0\jpn\d
=FMT  \\$a  BK
=035  \\$a(OCoLC)301303124
=040  \\$aOCLCE$beng$cOCLCE$dOCLCQ$dCUS$dOCLCQ$dOCLCF$dYUS$dOCLCO$dYUS$dOCLCO$dOCLCQ$dYUS$dOCLCO$dUk$epn
=050  \4$aPL980.A2$bC482 2000
=084  \\$a929.13$2njb/9
=130  0\$6880-01$aCh'ŏnggu yadam.$lJapanese.
=245  00$6880-02$aSeikyū yadan :$bRichō sezokutan /$cNozaki Mitsuhiko hen yakuchū.
=250  \\$6880-03$aShohan.
=260  \\$6880-04$aTōkyō :$bHeibonsha,$c2000.
=300  \\$a1 online resource (312 pages).
=336  \\$atext$btxt$2rdacontent
=337  \\$acomputer$bc$2rdamedia
=338  \\$aonline resource$bcr$2rdacarrier
=490  1\$6880-05$aTōyō bunko ;$v670
=504  \\$aIncludes bibliographical references.
=588  0\$aPrint version record.
=650  \0$aKorean prose literature.
=650  \7$aKorean prose literature.$2fast$0(OCoLC)fst00988898
=700  1\$6880-06$aNozaki, Mitsuhiko,$d1955-
=773  0\$tJapanKnowledge
=776  08$iPrint version:$aCh'ŏnggu yadam. Japanese.$tSeikyū yadan.$bShohan.$dTōkyō : Heibonsha, 2000$z4582806708$z9784582806700
=830  \0$6880-07$aTōyō bunko$v670.
=856  40$3JapanKnowledge$uhttp://japanknowledge.com/lib/display/?lid=80010V0670P0002$yJapanKnowledge Lib
=880  0\$6130-01/{dollar}1$a靑邱野談.$lJapanese.
=880  00$6245-02/{dollar}1$a靑邱野談 :$b李朝世俗譚 /$c野崎充彦編訳注.
=880  \\$6250-03/{dollar}1$a初版.
=880  \\$6260-04/{dollar}1$a東京 :$b平凡社,$c2000.
=880  1\$6490-05/{dollar}1$a東洋文庫 ;$v670
=880  1\$6700-06/{dollar}1$a野崎充彦,$d1955-
=880  \0$6830-07/{dollar}1$a東洋文庫 ;$v670.
=859  \\$aORR$bJapanKnowledge
=CAT  \\$aW1704-1242$b00$c20170509$lBLL01$h0927
=CAT  \\$aBATCH-UPD$b00$c20170509$lBLL01$h0929
=CAT  \\$aBATCH-UPD$b00$c20170509$lBLL01$h0938
=CAT  \\$aW2003-0365$c20200305$lBLL01$h1101
=FIN  \\$aY$d20170509
=SID  \\$aZ30$bOCLC
=SRC  \\$aJapanKnowledge_2017$bJK_OCLC20170203.mrc
=LAS  \\$aW2003-0365$b00$c20200305$lBLL01$h1101

