=LDR  03017 am a22007337i 4500
=001  018337824
=003  Uk
=005  20170106042826.0
=006  m\\\\\o\\d\\\\\\\\
=007  cr\|||||||||||
=008  100310s1975\\\\ja\\\\\\obm\\\000\0\jpn\d
=FMT  \\$a  BK
=019  \\$a301103914
=035  \\$a(OCoLC)550550642$z(OCoLC)301103914
=040  \\$aOCLCE$beng$cOCLCE$dCUS$dOCLCO$dOCLCQ$dOCLCF$dYUS$dOCLCO$dYUS$dOCLCO$dOCLCQ$dYUS$dOCLCO$dUk$epn
=042  \\$adlr
=043  \\$aa-cc---
=050  \4$aGR335$b.S25
=245  00$6880-01$aSantō minwashū /$cIikura Shōhei, Suzuki Takeshi hen'yaku.
=250  \\$6880-02$aShohan.
=260  \\$6880-03$aTōkyō :$bHeibonsha,$cShōwa 50 [1975]
=300  \\$a1 online resource (v, 366 pages).
=336  \\$atext$btxt$2rdacontent
=337  \\$acomputer$bc$2rdamedia
=338  \\$aonline resource$bcr$2rdacarrier
=490  1\$6880-04$aChūgoku no kōshō bungei ;$v3
=490  1\$6880-05$aTōyō bunko ;$v274
=500  \\$6880-06$a"Tō Kinrin oyobi Kō Gen no minwashū kara ... erande yakushutsushita."
=504  \\$aIncludes bibliographical references (pages 334-340).
=588  0\$aPrint version record.
=650  \0$aFolklore$zChina$zShandong Sheng.
=650  \7$aFolklore.$2fast$0(OCoLC)fst00930306
=651  \7$aChina$zShandong Sheng.$2fast$0(OCoLC)fst01211057
=700  1\$6880-07$aDong, Junlun.
=700  1\$6880-08$aJiang, Yuan.
=700  1\$6880-09$aIikura, Shōhei,$d1934-
=700  1\$6880-10$aSuzuki, Takeshi,$d1942-
=773  0\$tJapanKnowledge
=776  08$iPrint version:$tSantō minwashū.$dTōkyō : Heibonsha, Shōwa 50 [1975]
=830  \0$6880-11$aChūgoku no kōshō bungei ;$v3.
=830  \0$6880-12$aTōyō bunko$v274.
=856  40$3JapanKnowledge$uhttp://japanknowledge.com/lib/display/?lid=80010V0274P0002$yJapanKnowledge Lib
=880  00$6245-01/{dollar}1$a山東民話集 /$c飯倉照平, 鈴木健之編訳.
=880  \\$6250-02/{dollar}1$a初版.
=880  \\$6260-03/{dollar}1$a東京 :$b平凡社,$c昭和50 [1975]
=880  1\$6490-04/{dollar}1$a中国の口承文芸 ;$v3
=880  1\$6490-05/{dollar}1$a東洋文庫 ;$v274
=880  \\$6500-06/{dollar}1$a"董均倫および江源の民話集から ... えらんで訳出した."
=880  0\$6505-00/{dollar}1$a傳麥種 / 董均倫採錄. -- 石門開, 三件宝器, 玉仙園 / 董均倫, 江源.
=880  1\$6700-07/{dollar}1$a董均倫.
=880  1\$6700-08/{dollar}1$a江源.
=880  1\$6700-09/{dollar}1$a飯倉照平,$d1934-
=880  1\$6700-10/{dollar}1$a鈴木健之,$d1942-
=880  \0$6830-11/{dollar}1$a中国の口承文芸 ;$v3.
=880  \0$6830-12/{dollar}1$a東洋文庫 ;$v274.
=859  \\$aORR$bJapanKnowledge
=CAT  \\$aW1704-1242$b00$c20170509$lBLL01$h0927
=CAT  \\$aBATCH-UPD$b00$c20170509$lBLL01$h0929
=CAT  \\$aBATCH-UPD$b00$c20170509$lBLL01$h0938
=CAT  \\$aW2003-0365$c20200305$lBLL01$h1101
=FIN  \\$aY$d20170509
=SID  \\$aZ30$bOCLC
=SRC  \\$aJapanKnowledge_2017$bJK_OCLC20170203.mrc
=LAS  \\$aW2003-0365$b00$c20200305$lBLL01$h1101

