=LDR  02317 am a22005777a 4500
=001  018337825
=003  Uk
=005  20170106042826.0
=006  m\\\\\o\\d\\\\\\\\
=007  cr\|||||||||||
=008  100717r19721934ja\ag\\\o\\\\\000\0\jpn\d
=FMT  \\$a  BK
=035  \\$a(OCoLC)648534552
=040  \\$aOCLCE$beng$cOCLCE$dCUS$dOCLCQ$dOCLCF$dYUS$dOCLCO$dYUS$dOCLCO$dOCLCQ$dYUS$dOCLCO$dUk$epn
=042  \\$adlr
=043  \\$aa-ja---
=050  \4$aPL886.O542$bS5 1972
=100  1\$6880-01$aShimabukuro, Zenpatsu.
=245  10$6880-02$aOkinawa dōyōshū /$cShimabukuro Zenpatsu cho.
=250  \\$6880-03$aShohan.
=260  \\$6880-04$aTōkyō :$bHeibonsha,$cShōwa 42 (1972)
=300  \\$a1 online resource (xxxv, 254 pages) :$billustrations, music.
=336  \\$atext$btxt$2rdacontent
=337  \\$acomputer$bc$2rdamedia
=338  \\$aonline resource$bcr$2rdacarrier
=490  1\$6880-05$aTōyō bunko ;$v212
=588  0\$aPrint version record.
=650  \0$aChildren's poetry, Japanese$zJapan$zRyukyu Islands.
=650  \0$aChildren's songs, Japanese$zJapan$zRyukyu Islands.
=650  \7$aChildren's poetry, Japanese.$2fast$0(OCoLC)fst00856433
=650  \7$aChildren's songs, Japanese.$2fast$0(OCoLC)fst00856593
=651  \7$aJapan$zRyukyu Islands.$2fast$0(OCoLC)fst01207168
=773  0\$tJapanKnowledge
=776  08$iPrint version:$aShimabukuro, Zenpatsu, 1888-1953.$tOkinawa dōyōshū.$dTōkyō : Heibonsha, Shōwa 42 (1972)
=830  \0$6880-06$aTōyō bunko$v212.
=856  40$3JapanKnowledge$uhttp://japanknowledge.com/lib/display/?lid=80010V0212P0002$yJapanKnowledge Lib
=880  1\$6100-01/{dollar}1$a島袋全発.
=880  10$6245-02/{dollar}1$a沖繩童謡集 /$c島袋全発著.
=880  \\$6250-03/{dollar}1$a初版.
=880  \\$6260-04/{dollar}1$a東京 :$b平凡社,$c昭和42 (1972)
=880  1\$6490-05/{dollar}1$a東洋文庫 ;$v212
=880  \0$6830-06/{dollar}1$a東洋文庫 ;$v212.
=859  \\$aORR$bJapanKnowledge
=CAT  \\$aW1704-1242$b00$c20170509$lBLL01$h0927
=CAT  \\$aBATCH-UPD$b00$c20170509$lBLL01$h0929
=CAT  \\$aBATCH-UPD$b00$c20170509$lBLL01$h0938
=CAT  \\$aW2003-0365$c20200305$lBLL01$h1101
=FIN  \\$aY$d20170509
=SID  \\$aZ30$bOCLC
=SRC  \\$aJapanKnowledge_2017$bJK_OCLC20170203.mrc
=LAS  \\$aW2003-0365$b00$c20200305$lBLL01$h1101

