=LDR  02179 am a22005534i 4500
=001  018337826
=003  Uk
=005  20170106042826.0
=006  m\\\\\o\\d\\\\\\\\
=007  cr\|||||||||||
=008  151117s2006\\\\ja\\\\\god\\\\000\0\jpn\d
=FMT  \\$a  BK
=020  \\$z4560509050
=020  \\$z9784560509050
=035  \\$a(OCoLC)929688391
=040  \\$aWTU$beng$cYUS$dOCLCO$dYUS$dOCLCO$dOCLCF$dOCLCO$dUk$erda$epn
=041  1\$ajpn$hfre
=100  10$aFeuillet, Michel,$eauthor.
=240  10$aLexique des symboles chrétiens.$lJapanese
=245  10$6880-01$aKirisutokyō shinboru jiten /$cMisheru Fuie cho ; Mutō Takeshi yaku.
=264  \1$6880-02$aTōkyō :$bHakusuisha,$c2006.
=300  \\$a1 online resource.
=336  \\$atext$btxt$2rdacontent
=337  \\$acomputer$bc$2rdamedia
=338  \\$aonline resource$bcr$2rdacarrier
=490  1\$6880-03$aBunko Kuseju ;$v905
=588  \\$aDescription based on print version.
=650  \0$aChristian art and symbolism$vDictionaries.
=650  \7$aChristian art and symbolism.$2fast$0(OCoLC)fst00858904
=655  \7$aDictionaries.$2fast$0(OCoLC)fst01423826
=700  1\$6880-04$aMutō, Takeshi,$d1948-$etranslator.
=700  1\$iTranslation of:$aFeuillet, Michel.$tLexique des symboles chrétiens.
=773  0\$tJapanKnowledge
=776  08$iPrint version:$tKirisutokyō shinboru jiten
=830  \0$6880-05$aBunko kuseju$v905.
=856  40$3JapanKnowledge$uhttp://japanknowledge.com/lib/display/?lid=8021009050000$yJapanKnowledge Lib
=880  10$6245-01$aキリスト教シンボル事典 /$cミシェル・フイエ著 ; 武藤剛史訳.
=880  \1$6264-02$a東京 :$b白水社,$c2006.
=880  1\$6490-03$a文庫クセジュ ;$v905
=880  1\$6700-04$a武藤剛史,$d1948-$etranslator.
=880  \0$6830-05$a文庫クセジュ ;$v905.
=859  \\$aORR$bJapanKnowledge
=CAT  \\$aW1704-1242$b00$c20170509$lBLL01$h0927
=CAT  \\$aBATCH-UPD$b00$c20170509$lBLL01$h0929
=CAT  \\$aW2003-0365$c20200305$lBLL01$h1101
=FIN  \\$aY$d20170509
=SID  \\$aZ30$bOCLC
=SRC  \\$aJapanKnowledge_2017$bJK_OCLC20170203.mrc
=LAS  \\$aW2003-0365$b00$c20200305$lBLL01$h1101

