=LDR  02537 am a22006494i 4500
=001  018337827
=003  Uk
=005  20170106042827.0
=006  m\\\\\o\\d\\\\\\\\
=007  cr\|||||||||||
=008  151112s1995\\\\ja\ab\\\o\\\\\000\1\jpn\d
=FMT  \\$a  BK
=020  \\$z4096580813
=020  \\$z9784096580813
=035  \\$a(OCoLC)928950382
=040  \\$aYUS$beng$cYUS$dOCLCO$dYUS$dOCLCO$dYUS$dOCLCO$dUk$erda$epn
=043  \\$aa-ja---
=050  \4$aPL797$b.D63 1995
=100  1\$6880-01,$aJippensha, Ikku,$d1765-1831$eauthor.
=240  10$6880-02$aDōchū hizakurige
=245  10$6880-03$aTōkaidō-chū hizakurige /$ckōchū Nakamura Yukihiko.
=264  \1$6880-05$aTōkyō :$bShōgakkan,$c1995.
=300  \\$a1 online resource.
=336  \\$atext$btxt$2rdacontent
=337  \\$acomputer$bc$2rdamedia
=338  \\$aonline resource$bcr$2rdacarrier
=490  1\$6880-06$aShinpen Nihon koten bungaku zenshū ;$v81
=500  \\$6880-07$a"Furoku Hayami dōchūki (shō)": pages [543]-557.
=500  \\$aFiction.
=588  \\$aDescription based on print version.
=650  \7$aLiterature.$2fast$0(OCoLC)fst00999953
=651  \0$6880-08$aTōkaidō (Japan)$xIn literature.
=651  \7$aJapan$zTōkaidō.$2fast$0(OCoLC)fst01240201
=655  \4$aAnthologie.
=700  1\$6880-09$aNakamura, Yukihiko,$d1911-1998
=773  0\$tJapanKnowledge
=776  08$iPrint version:$tTōkaidō-chū hizakurige
=830  \0$6880-10$aShinpen Nihon koten bungaku zenshū$v81.
=856  40$3JapanKnowledge$uhttp://japanknowledge.com/lib/display/?lid=80110V00810013$yJapanKnowledge Lib
=880  1\$6100-01$a十返舍一九,$d1765-1831,$eauthor
=880  10$6240-02$a道中膝栗毛
=880  10$6245-03$a東海道中膝栗毛 /$c校注中村幸彥.
=880  \1$6264-05$a東京 :$b小学館,$c1995.
=880  1\$6490-06$a新編日本古典文学全集 ;$v81
=880  \\$6500-07$a"付錄早見道中記 (抄)": pages [543]-557.
=880  \4$6651-08$a東海道 (Japan)$xIn literature.
=880  1\$6700-09$a中村幸彥,$d1911-1998.
=880  \0$6830-10$a新編日本古典文学全集 ;$v81.
=859  \\$aORR$bJapanKnowledge
=CAT  \\$aW1704-1242$b00$c20170509$lBLL01$h0927
=CAT  \\$aBATCH-UPD$b00$c20170509$lBLL01$h0929
=CAT  \\$aW2003-0365$c20200305$lBLL01$h1101
=CAT  \\$aBATCH-UPD$b00$c20200918$lBLL01$h2045
=FIN  \\$aY$d20170509
=SID  \\$aZ30$bOCLC
=SRC  \\$aJapanKnowledge_2017$bJK_OCLC20170203.mrc
=LAS  \\$aBATCH-UPD$b00$c20200918$lBLL01$h2045

