=LDR  02832 am a22006497i 4500
=001  018337828
=003  Uk
=005  20170106042827.0
=006  m\\\\\o\\d\\\\\\\\
=007  cr\|||||||||||
=008  100315m19741976ja\\\\\\o\\\\\000\0\jpn\d
=FMT  \\$a  BK
=019  \\$a300538264
=035  \\$a(OCoLC)556210115$z(OCoLC)300538264
=040  \\$aOCLCE$beng$cOCLCE$dOCLCQ$dCUS$dOCLCQ$dOCLCO$dOCLCF$dYUS$dOCLCO$dOCLCA$dYUS$dOCLCO$dOCLCQ$dYUS$dOCLCO$dUk$epn
=042  \\$adlr
=043  \\$aa-ja---
=050  \4$aDS896.5$b.T4 1974
=100  1\$6880-01$aTerakado, Seiken,$d1796-1868
=245  10$6880-02$aEdo hanjōki /$cTerakado Seiken [cho] ; Asakura Haruhiko, Andō Kikuji kōchū.
=250  \\$6880-03$aShohan.
=260  \\$6880-04$aTōkyō :$bHeibonsha,$cShōwa 49-51 [1974-1976]
=300  \\$a1 online resource (3 volumes).
=336  \\$atext$btxt$2rdacontent
=337  \\$acomputer$bc$2rdamedia
=338  \\$aonline resource$bcr$2rdacarrier
=490  1\$6880-05$aTōyō bunko ;$v259, 276, 295
=588  0\$aPrint version record.
=650  \7$aManners and customs.$2fast$0(OCoLC)fst01007815
=651  \0$aTokyo (Japan)$xSocial life and customs$vAnecdotes.
=651  \7$aJapan$zTokyo.$2fast$0(OCoLC)fst01204835
=655  \7$aAnecdotes.$2fast$0(OCoLC)fst01423876
=700  1\$6880-06$aAsakura, Haruhiko,$d1924-2013
=700  1\$6880-07$aAndō, Kikuji,$d1910-
=773  0\$tJapanKnowledge
=776  08$iPrint version:$aTerakado, Seiken, 1796-1868.$tEdo hanjōki.$bShohan.$dTōkyō : Heibonsha, Shōwa 49-51 [1974-1976]
=830  \0$6880-08$aTōyō bunko$v259, etc.
=856  40$3JapanKnowledge Volume 1$uhttp://japanknowledge.com/lib/display/?lid=80010V0259P0002$yJapanKnowledge Lib
=856  40$3JapanKnowledge Volume 2$uhttp://japanknowledge.com/lib/display/?lid=80010V0276P0002$yJapanKnowledge Lib
=856  40$3JapanKnowledge Volume 3$uhttp://japanknowledge.com/lib/display/?lid=80010V0295P0002$yJapanKnowledge Lib
=880  1\$6100-01/{dollar}1$a寺門静軒,$d1796-1868.
=880  10$6245-02/{dollar}1$a江戶繁昌記 /$c寺門静軒[著] ; 朝倉治彥, 安藤菊二校注.
=880  \\$6250-03/{dollar}1$a初版.
=880  \\$6260-04/{dollar}1$a東京 :$b平凡社,$c昭和49-51 [1974-1976]
=880  1\$6490-05/{dollar}1$a東洋文庫 ;$v259, 276, 295
=880  1\$6700-06/{dollar}1$a朝倉治彥,$d1924-
=880  1\$6700-07/{dollar}1$a安藤菊二,$d1910-
=880  \0$6830-08/{dollar}1$a東洋文庫 ;$v259, etc.
=859  \\$aORR$bJapanKnowledge
=CAT  \\$aW1704-1242$b00$c20170509$lBLL01$h0927
=CAT  \\$aBATCH-UPD$b00$c20170509$lBLL01$h0929
=CAT  \\$aBATCH-UPD$b00$c20170509$lBLL01$h0938
=CAT  \\$aW2003-0365$c20200305$lBLL01$h1101
=FIN  \\$aY$d20170509
=SID  \\$aZ30$bOCLC
=SRC  \\$aJapanKnowledge_2017$bJK_OCLC20170203.mrc
=LAS  \\$aW2003-0365$b00$c20200305$lBLL01$h1101

