=LDR  02479 am a22006134i 4500
=001  018337829
=003  Uk
=005  20170106042827.0
=006  m\\\\\o\\d\\\\\\\\
=007  cr\|||||||||||
=008  151112s1996\\\\ja\abh\\ob\\\\000\1\jpn\d
=FMT  \\$a  BK
=020  \\$z4096580287
=020  \\$z9784096580288
=035  \\$a(OCoLC)928950491
=040  \\$aYUS$beng$cYUS$dOCLCO$dYUS$dOCLCO$dOCL$dYUS$dOCLCO$dUk$erda$epn
=050  \4$aPL753$b.S55 1994 v. 28
=100  0\$6880-01,$aSugawara no Takasue no Musume,$d1008-$eauthor.
=245  10$6880-02$aYowa no nezame /$ckōchū · yaku Suzuki Kazuo.
=264  \1$6880-03$aTōkyō :$bShōgakkan,$c1996.
=300  \\$a1 online resource.
=336  \\$atext$btxt$2rdacontent
=337  \\$acomputer$bc$2rdamedia
=338  \\$aonline resource$bcr$2rdacarrier
=490  1\$6880-04$aShinpen Nihon koten bungaku zenshū ;$v28
=500  \\$6880-05$aAttributed to Sugawara Takasue no musume. cf. Kokusho sōmokuroku.
=500  \\$aFiction.
=504  \\$aIncludes bibliographical references (pages 584-589).
=588  \\$aDescription based on print version.
=648  \7$a794-1185$2fast
=650  \0$aJapanese fiction$yHeian period, 794-1185.
=650  \7$aJapanese fiction$xHeian period.$2fast$0(OCoLC)fst01711078
=700  1\$6880-06$aSuzuki, Kazuo,$d1922-2002
=773  0\$tJapanKnowledge
=776  08$iPrint version:$tYowa no nezame
=830  \0$6880-07$aShinpen Nihon koten bungaku zenshū$v28.
=856  40$3JapanKnowledge$uhttp://japanknowledge.com/lib/display/?lid=80110V00280011$yJapanKnowledge Lib
=880  0\$6100-01/{dollar}1$a菅原孝標の女,$d1008-$eauthor
=880  10$6245-02/{dollar}1$a夜の寝覚 /$c校注・訳鈴木一雄.
=880  \1$6264-03/{dollar}1$a東京 :$b小学館,$c1996.
=880  1\$6490-04/{dollar}1$a新編日本古典文学全集 ;$v28
=880  \\$6500-05/{dollar}1$aAttributed to 菅原孝標の女. cf. 図書総目錄.
=880  1\$6700-06/{dollar}1$a鈴木一雄,$d1922-2002.
=880  \0$6830-07/{dollar}1$a新編日本古典文学全集 ;$v28.
=859  \\$aORR$bJapanKnowledge
=CAT  \\$aW1704-1242$b00$c20170509$lBLL01$h0927
=CAT  \\$aBATCH-UPD$b00$c20170509$lBLL01$h0929
=CAT  \\$aBATCH-UPD$b00$c20170509$lBLL01$h0938
=CAT  \\$aW2003-0365$c20200305$lBLL01$h1101
=CAT  \\$aBATCH-UPD$b00$c20200918$lBLL01$h2045
=FIN  \\$aY$d20170509
=SID  \\$aZ30$bOCLC
=SRC  \\$aJapanKnowledge_2017$bJK_OCLC20170203.mrc
=LAS  \\$aBATCH-UPD$b00$c20200918$lBLL01$h2045

