=LDR  02462 am a22006374i 4500
=001  018337830
=003  Uk
=005  20170106042828.0
=006  m\\\\\o\\d\\\\\\\\
=007  cr\|||||||||||
=008  151117s1997\\\\ja\\\\\\ob\\\\000\0\jpn\d
=FMT  \\$a  BK
=020  \\$z4560057915
=020  \\$z9784560057919
=035  \\$a(OCoLC)929688483
=040  \\$aWTU$beng$cYUS$dOCLCO$dYUS$dOCLCO$dOCLCF$dUk$erda$epn
=041  1\$ajpn$hfre
=043  \\$ae-ie---
=100  1\$aFréchet, René,$eauthor
=240  10$aHistoire de l'Irlande.$lJapanese
=245  10$6880-01$aAirurando /$cRune Fureshe cho ; Yamaguchi Toshiaki, Yamaguchi Toshihiro kyōyaku.
=264  \1$6880-02$aTōkyō :$bHakusuisha,$c1997.
=300  \\$a1 online resource.
=336  \\$atext$btxt$2rdacontent
=337  \\$acomputer$bc$2rdamedia
=338  \\$aonline resource$bcr$2rdacarrier
=490  1\$6880-03$aBunko kuseju ;$v791
=504  \\$aIncludes bibliographical references (pages i-iii).
=588  \\$aDescription based on print version.
=650  \7$aCivilization.$2fast$0(OCoLC)fst00862898
=651  \0$aIreland$xCivilization.
=651  \0$aIreland$xHistory.
=651  \7$aIreland.$2fast$0(OCoLC)fst01205427
=655  \7$aHistory.$2fast$0(OCoLC)fst01411628
=700  1\$6880-04,$aYamaguchi, Toshiaki,$d1936-$etranslator.
=700  1\$6880-05$aYamaguchi, Toshihiro,$d1968-$etranslator.
=700  1\$iTranslation of:$aFréchet, René.$tHistoire de l'Irlande.
=773  0\$tJapanKnowledge
=776  08$iPrint version:$tAirurando
=830  \0$6880-06$aBunko kuseju$v791.
=856  40$3JapanKnowledge$uhttp://japanknowledge.com/lib/display/?lid=8021007910000$yJapanKnowledge Lib
=880  10$6245-01$aアイルランド /$cルネ · フレシェ 著 ; 山口俊章, 山口俊洋共訳.
=880  \1$6264-02$a東京 :$b白水社,$c1997.
=880  1\$6490-03$a文庫クセジュ ;$v791
=880  1\$6700-04$a山口俊章,$d1936-$etranslator.
=880  1\$6700-05$a山口俊洋,$d1968-$etranslator.
=880  \0$6830-06$a文庫クセジュ ;$v791.
=859  \\$aORR$bJapanKnowledge
=CAT  \\$aW1704-1242$b00$c20170509$lBLL01$h0927
=CAT  \\$aBATCH-UPD$b00$c20170509$lBLL01$h0929
=CAT  \\$aBATCH-UPD$b00$c20170509$lBLL01$h0938
=CAT  \\$aW2003-0365$c20200305$lBLL01$h1101
=FIN  \\$aY$d20170509
=SID  \\$aZ30$bOCLC
=SRC  \\$aJapanKnowledge_2017$bJK_OCLC20170203.mrc
=LAS  \\$aW2003-0365$b00$c20200305$lBLL01$h1101

