=LDR  01812 am a22005174i 4500
=001  018337831
=003  Uk
=005  20170106042828.0
=006  m\\\\\o\\d\\\\\\\\
=007  cr\|||||||||||
=008  151113s1987\\\\ja\\\\\\o\\\\\000\0\jpn\d
=FMT  \\$a  BK
=020  \\$z4560056838
=020  \\$z9784560056837
=035  \\$a(OCoLC)929030639
=040  \\$aYUS$beng$cYUS$dYUS$dOCLCO$dOCLCF$dUk$erda$epn
=100  1\$aCochet, Henri,$eauthor.
=240  10$aTennis.$lJapanese
=245  10$6880-01$aTenisu /$cAnri Koshe cho ; Suzuki Yasuo yaku.
=264  \1$6880-02$aTōkyō :$bHakusuisha,$c1987.
=300  \\$a1 online resource.
=336  \\$atext$btxt$2rdacontent
=337  \\$acomputer$bc$2rdamedia
=338  \\$aonline resource$bcr$2rdacarrier
=490  1\$6880-03$aBunko kuseju ;$v683
=588  \\$aDescription based on print version.
=650  \0$aTennis.
=650  \7$aTennis.$2fast$0(OCoLC)fst01147615
=700  1\$6880-04$aSuzuki, Yasuo.
=773  0\$tJapanKnowledge
=776  08$iPrint version:$tTenisu.
=830  \0$6880-05$aBunko kuseju$v683.
=856  40$3JapanKnowledge$uhttp://japanknowledge.com/lib/display/?lid=8021006830000$yJapanKnowledge Lib
=880  10$6245-01/{dollar}1$aテニス /$cアンリ・コシェ著 ; 鈴木悌男訳.
=880  \1$6264-02/{dollar}1$a東京 :$b白水社,$c1987.
=880  1\$6490-03/{dollar}1$a文庫クセジュ ;$v683
=880  1\$6700-04/{dollar}1$a鈴木悌男.
=880  \0$6830-05/{dollar}1$a文庫クセジュ ;$v683.
=859  \\$aORR$bJapanKnowledge
=CAT  \\$aW1704-1242$b00$c20170509$lBLL01$h0927
=CAT  \\$aBATCH-UPD$b00$c20170509$lBLL01$h0929
=CAT  \\$aW2003-0365$c20200305$lBLL01$h1101
=FIN  \\$aY$d20170509
=SID  \\$aZ30$bOCLC
=SRC  \\$aJapanKnowledge_2017$bJK_OCLC20170203.mrc
=LAS  \\$aW2003-0365$b00$c20200305$lBLL01$h1101

