=LDR  02025 am a22005294i 4500
=001  018337832
=003  Uk
=005  20170106042828.0
=006  m\\\\\o\\d\\\\\\\\
=007  cr\|||||||||||
=008  151113s1976\\\\ja\\\\\\ob\\\\000\0\jpn\d
=FMT  \\$a  BK
=035  \\$a(OCoLC)929029099
=040  \\$aWTU$beng$cYUS$dOCLCO$dYUS$dOCLCO$dOCLCF$dUk$erda$epn
=041  1\$ajpn$hfre
=100  1\$aBenoist, Luc,$d1893-1980,$eauthor.
=240  10$aL'ésotérisme.$lJapanese
=245  10$6880-01$aHigi denju :$bezoterisumu no sekai /$cRyukku Bunowa cho ; Arita Tadao yaku.
=264  \1$6880-02$aTōkyō :$bHakusuisha,$c1976.
=300  \\$a1 online resource.
=336  \\$atext$btxt$2rdacontent
=337  \\$acomputer$bc$2rdamedia
=338  \\$aonline resource$bcr$2rdacarrier
=490  1\$6880-03$aBunko kuseju ;$v592
=504  \\$aIncludes bibliographical references.
=588  \\$aDescription based on print version.
=650  \0$aOccultism.
=650  \7$aOccultism.$2fast$0(OCoLC)fst01043123
=700  1\$6880-04$aArita, Tadao,$etranslator.
=700  1\$iTranslation of:$aBenoist, Luc,$d1893-1980.$tL'ésotérisme.
=773  0\$tJapanKnowledge
=776  08$iPrint version:$tHigi denju
=830  \0$6880-05$aBunko kuseju$v592.
=856  40$3JapanKnowledge$uhttp://japanknowledge.com/lib/display/?lid=8021005920000$yJapanKnowledge Lib
=880  10$6245-01$a秘儀伝授 :$bエゾテリスムの世界 /$cリュック・ブノワ著 ; 有田忠郎訳.
=880  \1$6264-02$a東京 :$b白水社,$c1976.
=880  1\$6490-03$a文庫クセジュ ;$v592
=880  1\$6700-04$a有田忠郎,$etranslator.
=880  \0$6830-05$a文庫クセジュ ;$v592.
=859  \\$aORR$bJapanKnowledge
=CAT  \\$aW1704-1242$b00$c20170509$lBLL01$h0927
=CAT  \\$aBATCH-UPD$b00$c20170509$lBLL01$h0929
=CAT  \\$aW2003-0365$c20200305$lBLL01$h1101
=FIN  \\$aY$d20170509
=SID  \\$aZ30$bOCLC
=SRC  \\$aJapanKnowledge_2017$bJK_OCLC20170203.mrc
=LAS  \\$aW2003-0365$b00$c20200305$lBLL01$h1101

