=LDR  02248 am a22005774i 4500
=001  018337833
=003  Uk
=005  20170106042829.0
=006  m\\\\\o\\d\\\\\\\\
=007  cr\|||||||||||
=008  151117s1998\\\\ja\\\\\gob\\\\000\0\jpnod
=FMT  \\$a  BK
=020  \\$z4560058091
=020  \\$z9784560058091
=035  \\$a(OCoLC)929688413
=040  \\$aWTU$beng$cYUS$dOCLCO$dYUS$dOCLCO$dOCLCF$dUk$erda$epn
=041  1\$ajpn$hfre
=100  1\$aTorrell, Jean-Pierre,$eauthor.
=240  10$aThéologie catholique.$lJapanese
=245  10$6880-01$aKatorikku shingaku nyūmon /$cJan Piēru Toreru cho ; Watanabe Yoshinaru yaku.
=264  \1$6880-02$aTōkyō :$bHakusuisha,$c1998.
=300  \\$a1 online resource.
=336  \\$atext$btxt$2rdacontent
=337  \\$acomputer$bc$2rdamedia
=338  \\$aonline resource$bcr$2rdacarrier
=490  1\$6880-03$aBunko Kuseju ;$v809
=504  \\$aIncludes bibliographical references.
=588  \\$aDescription based on print version.
=610  20$aCatholic Church$xDoctrines.
=610  27$aCatholic Church$2fast$0(OCoLC)fst00531720
=650  \0$aTheology, Doctrinal.
=650  \7$aTheology, Doctrinal.$2fast$0(OCoLC)fst01149617
=700  1\$6880-04$aWatanabe, Yoshinaru,$d1927-$etranslator.
=700  1\$iTranslation of:$aTorrell, Jean-Pierre.$tLa théologie catholique.
=773  0\$tJapanKnowledge
=776  08$iPrint version:$tKatorikku shingaku nyūmon
=830  \0$6880-05$aBunko kuseju$v809.
=856  40$3JapanKnowledge$uhttp://japanknowledge.com/lib/display/?lid=8021008090000$yJapanKnowledge Lib
=880  10$6245-01$aカトリック神学入門 /$cジャン=ピエール・トレル著 ; 渡邉義愛訳.
=880  \1$6264-02$a東京 :$b白水社,$c1998.
=880  1\$6490-03$a文庫クセジュ ;$v809
=880  1\$6700-04$a渡辺義愛,$d1927-$etranslator.
=880  \0$6830-05$a文庫クセジュ ;$v809.
=859  \\$aORR$bJapanKnowledge
=CAT  \\$aW1704-1242$b00$c20170509$lBLL01$h0927
=CAT  \\$aBATCH-UPD$b00$c20170509$lBLL01$h0929
=CAT  \\$aW2003-0365$c20200305$lBLL01$h1101
=FIN  \\$aY$d20170509
=SID  \\$aZ30$bOCLC
=SRC  \\$aJapanKnowledge_2017$bJK_OCLC20170203.mrc
=LAS  \\$aW2003-0365$b00$c20200305$lBLL01$h1101

