=LDR  02892 am a2200649 a 4500
=001  018337834
=003  Uk
=005  20170106042829.0
=006  m\\\\\o\\d\\\\\\\\
=007  cr\un|||||||||
=008  120214s1993\\\\ja\\\\\\o\\\\\000\0\jpn\d
=FMT  \\$a  BK
=020  \\$z4582805647$q(v. 1)
=020  \\$z9784582805642$q(v. 1)
=035  \\$a(OCoLC)776758612
=040  \\$aCUS$beng$cCUS$dOCLCQ$dOCLCF$dYUS$dOCLCQ$dOCLCO$dYUS$dOCLCO$dOCLCQ$dYUS$dOCLCO$dUk
=050  \4$aPL2675$b.M67 1993
=100  1\$6880-01$aMori, Kainan,$d1863-1911
=245  10$6880-02$aTo shi kōgi /$cMori Kainan cho ; Matsuoka Hideaki kōtei.
=250  \\$6880-03$aShohan.
=260  \\$6880-04$aTōkyō :$bHeibonsha,$c1993.
=300  \\$a1 online resource (4 volumes).
=336  \\$atext$btxt$2rdacontent
=337  \\$acomputer$bc$2rdamedia
=338  \\$aonline resource$bcr$2rdacarrier
=490  1\$6880-05$aTōyō bunko ;$v564-565, 568-569
=588  0\$aPrint version record.
=600  10$6880-06$aDu, Fu,$d712-770$xCriticism and interpretation.
=600  17$aDu, Fu,$d712-770$2fast$0(OCoLC)fst00004073
=650  \0$aChinese poetry$xCriticism and interpretation.
=650  \7$aChinese poetry.$2fast$0(OCoLC)fst00857672
=655  \7$aCriticism, interpretation, etc.$2fast$0(OCoLC)fst01411635
=700  1\$6880-07$aMatsuoka, Hideaki,$d1952-
=773  0\$tJapanKnowledge
=776  08$iPrint version:$aMori, Kainan, 1863-1911.$tTo shi kōgi.$bShohan.$dTōkyō : Heibonsha, 1993-$z4582805647
=830  \0$6880-08$aTōyō bunko$v564-565, 568-569.
=856  40$3JapanKnowledge Volume 4$uhttp://japanknowledge.com/lib/display/?lid=80010V0569P0002$yJapanKnowledge Lib
=856  40$3JapanKnowledge Volume 1$uhttp://japanknowledge.com/lib/display/?lid=80010V0564P0002$yJapanKnowledge Lib
=856  40$3JapanKnowledge Volume 2$uhttp://japanknowledge.com/lib/display/?lid=80010V0565P0002$yJapanKnowledge Lib
=856  40$3JapanKnowledge Volume 3$uhttp://japanknowledge.com/lib/display/?lid=80010V0568P0002$yJapanKnowledge Lib
=880  1\$6100-01/{dollar}1$a森槐南,$d1863-1911.
=880  10$6245-02/{dollar}1$a杜詩講義 /$c森槐南著 ; 松岡秀明校訂.
=880  \\$6250-03/{dollar}1$a初版.
=880  \\$6260-04/{dollar}1$a東京 :$b平凡社,$c1993.
=880  1\$6490-05/{dollar}1$a東洋文庫 ;$v564-565, 568-569
=880  14$6600-06/{dollar}1$a杜甫,$d712-770$xCriticism and interpretation.
=880  1\$6700-07/{dollar}1$a松岡秀明,$d1952-
=880  \0$6830-08/{dollar}1$a東洋文庫 ;$v564-565, 568-569.
=859  \\$aORR$bJapanKnowledge
=CAT  \\$aW1704-1242$b00$c20170509$lBLL01$h0927
=CAT  \\$aBATCH-UPD$b00$c20170509$lBLL01$h0929
=CAT  \\$aBATCH-UPD$b00$c20170509$lBLL01$h0938
=CAT  \\$aW2003-0365$c20200305$lBLL01$h1101
=FIN  \\$aY$d20170509
=SID  \\$aZ30$bOCLC
=SRC  \\$aJapanKnowledge_2017$bJK_OCLC20170203.mrc
=LAS  \\$aW2003-0365$b00$c20200305$lBLL01$h1101

