=LDR  03152 am a22007337a 4500
=001  018337835
=003  Uk
=005  20170106042830.0
=006  m\\\\\o\\d\\\\\\\\
=007  cr\un|||||||||
=008  090201s1984\\\\ja\af\\\ob\\\\000\0ajpn\d
=FMT  \\$a  BK
=035  \\$a(OCoLC)301071323
=040  \\$aOCLCE$beng$cOCLCE$dOCLCQ$dCUS$dOCLCQ$dOCLCO$dOCLCQ$dYUS$dOCLCO$dYUS$dOCLCO$dOCLCQ$dOCLCF$dYUS$dOCLCO$dUk$epn
=041  1\$ajpn$hkor
=043  \\$aa-kr---$aa-ja---
=050  \4$aDS913.45.K36$bA3 1984
=100  1\$6880-01$aKang, Hang,$d1567-1618
=240  10$6880-02$aSuŭn kanyangnok.$lJapanese
=245  10$6880-03$aKan'yōroku :$bChōsen jusha no Nihon yokuryūki /$cKan Han ; Baku Chonmyon yakuchū.
=250  \\$6880-04$aShohan.
=260  \\$6880-05$aTōkyō :$bHeibonsha,$c1984.
=300  \\$a1 online resource (v, 310, 16 pages, [1] leaf of plates) :$billustrations.
=336  \\$atext$btxt$2rdacontent
=337  \\$acomputer$bc$2rdamedia
=338  \\$aonline resource$bcr$2rdacarrier
=490  1\$6880-06$aTōyō bunko ;$v440
=504  \\$aIncludes bibliographical references (pages 305-309).
=588  0\$aPrint version record.
=600  10$6880-07$aKang, Hang,$d1567-1618
=600  17$aKang, Hang,$d1567-1618$2fast$0(OCoLC)fst00108952
=611  27$aJapanese Invasions of Korea (1592-1598)$2fast$0(OCoLC)fst01353442
=648  \7$a1592-1598$2fast
=650  \7$aTravel.$2fast$0(OCoLC)fst01155558
=651  \0$aJapan$xDescription and travel$vEarly works to 1800.
=651  \0$aKorea$xHistory$yJapanese Invasions, 1592-1598$vPersonal narratives, Korean.
=651  \0$aKorea$xHistory$yJapanese Invasions, 1592-1598$vPrisoners and prisons, Japanese.
=651  \7$aJapan.$2fast$0(OCoLC)fst01204082
=651  \7$aKorea.$2fast$0(OCoLC)fst01206434
=655  \7$aEarly works.$2fast$0(OCoLC)fst01411636
=655  \7$aHistory.$2fast$0(OCoLC)fst01411628
=655  \7$aPersonal narratives$vKorean.$2fast$0(OCoLC)fst01424128
=700  1\$6880-08$aPak, Chong-myŏng.
=773  0\$tJapanKnowledge
=776  08$iPrint version:$aKang, Hang, 1567-1618.$sSuŭn kanyangnok. Japanese.$tKan'yōroku.$bShohan.$dTōkyō : Heibonsha, 1984
=830  \0$6880-09$aTōyō bunko$v440.
=856  40$3JapanKnowledge$uhttp://japanknowledge.com/lib/display/?lid=80010V0440P0002$yJapanKnowledge Lib
=880  1\$6100-01/{dollar}1$a姜沆,$d1567-1618.
=880  10$6240-02/{dollar}1$a睡隱看羊錄.$lJapanese
=880  10$6245-03/{dollar}1$a看羊錄 :$b朝鮮儒者の日本抑留記 /$c姜沆 ; 朴鐘鳴訳注.
=880  \\$6250-04/{dollar}1$a初版.
=880  \\$6260-05/{dollar}1$a東京 :$b平凡社,$c1984.
=880  1\$6490-06/{dollar}1$a東洋文庫 ;$v440
=880  14$6600-07/{dollar}1$a姜沆,$d1567-1618.
=880  1\$6700-08/{dollar}1$a朴鐘鳴.
=880  \0$6830-09/{dollar}1$a東洋文庫 ;$v440.
=859  \\$aORR$bJapanKnowledge
=CAT  \\$aW1704-1242$b00$c20170509$lBLL01$h0927
=CAT  \\$aBATCH-UPD$b00$c20170509$lBLL01$h0929
=CAT  \\$aW2003-0365$c20200305$lBLL01$h1101
=FIN  \\$aY$d20170509
=SID  \\$aZ30$bOCLC
=SRC  \\$aJapanKnowledge_2017$bJK_OCLC20170203.mrc
=LAS  \\$aW2003-0365$b00$c20200305$lBLL01$h1101

