=LDR  02221 am a22005774i 4500
=001  018337836
=003  Uk
=005  20170106042830.0
=006  m\\\\\o\\d\\\\\\\\
=007  cr\|||||||||||
=008  151113s1999\\\\ja\\\\\\o\\\\\000\0\jpn\d
=FMT  \\$a  BK
=020  \\$z4560058202
=020  \\$z9784560058206
=035  \\$a(OCoLC)929031188
=040  \\$aCNEAL$beng$cYUS$dOCLCO$dYUS$dOCLCO$dOCLCF$dOCLCO$dUk$erda$epn
=041  1\$ajpn$hfre
=050  \4$aPQ568$b.G75165 1999
=100  10$aGuichemerre, Roger,$eauthor.
=240  10$aCom̌die classique en France.$lJapanese
=245  10$6880-01$aFuransu koten kigeki /$cRoje Gishumeru cho ; Ito Hiroshi yaku.
=264  \1$6880-02$aTokyo :$bHakusuisha,$c1999.
=300  \\$a1 online resource.
=336  \\$atext$btxt$2rdacontent
=337  \\$acomputer$bc$2rdamedia
=338  \\$aonline resource$bcr$2rdacarrier
=490  1\$6880-03$aBunko kuseju ;$v820
=500  \\$aTranslation of: La com̌die classique en France.
=588  \\$aDescription based on print version.
=650  \0$aFrench drama (Comedy)$xHistory and criticism.
=650  \7$aFrench drama (Comedy)$2fast$0(OCoLC)fst00934283
=655  \7$aCriticism, interpretation, etc.$2fast$0(OCoLC)fst01411635
=700  1\$6880-04$aItō, Hiroshi,$d1934-
=773  0\$tJapanKnowledge
=776  08$iPrint version:$tFuransu koten kigeki
=830  \0$6880-05$aBunko kuseju$v820.
=856  40$3JapanKnowledge$uhttp://japanknowledge.com/lib/display/?lid=8021008200000$yJapanKnowledge Lib
=880  10$6245-01/{dollar}1$aフランス古典喜劇 /$cロジェ・ギシュメール著 ; 伊藤洋訳.
=880  \1$6264-02/{dollar}1$a東京 :$b白水社,$c1999.
=880  1\$6490-03/{dollar}1$a文庫クセジュ ;$v820
=880  1\$6700-04/{dollar}1$a伊藤, 洋,$d1934-
=880  \0$6830-05/{dollar}1$a文庫クセジュ ;$v820.
=859  \\$aORR$bJapanKnowledge
=CAT  \\$aW1704-1242$b00$c20170509$lBLL01$h0927
=CAT  \\$aBATCH-UPD$b00$c20170509$lBLL01$h0929
=CAT  \\$aBATCH-UPD$b00$c20170509$lBLL01$h0938
=CAT  \\$aW2003-0365$c20200305$lBLL01$h1101
=FIN  \\$aY$d20170509
=SID  \\$aZ30$bOCLC
=SRC  \\$aJapanKnowledge_2017$bJK_OCLC20170203.mrc
=LAS  \\$aW2003-0365$b00$c20200305$lBLL01$h1101

