=LDR  02404 am a22006257a 4500
=001  018337837
=003  Uk
=005  20170106042830.0
=006  m\\\\\o\\d\\\\\\\\
=007  cr\|||||||||||
=008  100723s1989\\\\ja\\\\\\o\\\\\000\0cjpn\d
=FMT  \\$a  BK
=020  \\$z4582805019
=020  \\$z9784582805017
=035  \\$a(OCoLC)650009740
=040  \\$aOCLCE$beng$cOCLCE$dOCLCQ$dCUS$dOCLCO$dOCLCQ$dOCLCF$dOCLCO$dOCL$dOCLCO$dOCLCA$dYUS$dOCLCO$dYUS$dOCLCO$dOCL$dOCLCQ$dYUS$dOCLCO$dUk$epn
=043  \\$aa-ja---
=050  \4$aDS881.5.A1$bF78 1989
=100  1\$6880-01$aFukuchi, Gen'ichirō,$d1841-1906
=245  10$6880-02$aBakumatsu seijika /$cFukuchi Gen'ichirō.
=250  \\$6880-03$aShohan.
=260  \\$6880-04$aTōkyō :$bHeibonsha,$c1989.
=300  \\$a1 online resource (297, 16 pages).
=336  \\$atext$btxt$2rdacontent
=337  \\$acomputer$bc$2rdamedia
=338  \\$aonline resource$bcr$2rdacarrier
=490  1\$6880-05$aTōyō bunko ;$v501
=588  0\$aPrint version record.
=648  \7$a1853-1870$2fast
=650  \0$aStatesmen$zJapan$vBiography.
=650  \7$aStatesmen.$2fast$0(OCoLC)fst01131990
=651  \0$aJapan$xHistory$yRestoration, 1853-1870$vBiography.
=651  \0$aJapan$vBiography.
=651  \7$aJapan.$2fast$0(OCoLC)fst01204082
=655  \7$aHistory$2fast$0(OCoLC)fst01411628
=655  \7$aBiography.$2fast$0(OCoLC)fst01423686
=773  0\$tJapanKnowledge
=776  08$iPrint version:$aFukuchi, Gen'ichirō, 1841-1906.$tBakumatsu seijika.$bShohan.$dTōkyō : Heibonsha, 1989
=830  \0$6880-06$aTōyō bunko$v501.
=856  40$3JapanKnowledge$uhttp://japanknowledge.com/lib/display/?lid=80010V0501P0002$yJapanKnowledge Lib
=880  1\$6100-01/{dollar}1$a福地源一郎,$d1841-1906.
=880  10$6245-02/{dollar}1$a幕末政治家 /$c福地源一郎.
=880  \\$6250-03/{dollar}1$a初版.
=880  \\$6260-04/{dollar}1$a東京 :$b平凡社,$c1989.
=880  1\$6490-05/{dollar}1$a東洋文庫 ;$v501
=880  \0$6830-06/{dollar}1$a東洋文庫 ;$v501.
=859  \\$aORR$bJapanKnowledge
=CAT  \\$aW1704-1242$b00$c20170509$lBLL01$h0927
=CAT  \\$aBATCH-UPD$b00$c20170509$lBLL01$h0929
=CAT  \\$aBATCH-UPD$b00$c20170509$lBLL01$h0938
=CAT  \\$aW2003-0365$c20200305$lBLL01$h1101
=FIN  \\$aY$d20170509
=SID  \\$aZ30$bOCLC
=SRC  \\$aJapanKnowledge_2017$bJK_OCLC20170203.mrc
=LAS  \\$aW2003-0365$b00$c20200305$lBLL01$h1101

