=LDR  02581 am a22006254i 4500
=001  018337838
=003  Uk
=005  20190114154340.0
=006  m\\\\\o\\d\\\\\\\\
=007  cr\|||||||||||
=008  160115s1956\\\\ja\\\\\\ob\\\\000\0\jpn\d
=FMT  \\$a  BK
=020  \\$z4560051968
=020  \\$z9784560051962
=035  \\$a(OCoLC)934799101
=040  \\$aSTF$beng$cYUS$dOCLCO$dYUS$dOCLCO$dOCLCF$dUk$erda$epn
=041  1\$ajpn$hfre
=050  \4$aBJ37$b.G7163 1956
=100  10$aGrégoire, François,$eauthor.
=240  10$aGrandes doctrines morales.$lJapanese
=245  10$6880-01$aDōtoku shisōshi /$cFuransowa Guregowāru cho ; Usami Eiji yaku.
=264  \1$6880-02$aTōkyō :$bHakusuisha,$c1956.
=300  \\$a1 online resource.
=336  \\$atext$btxt$2rdacontent
=337  \\$acomputer$bc$2rdamedia
=338  \\$aonline resource$bcr$2rdacarrier
=490  1\$6880-03$aBunko kuseju ;$v196
=500  \\$aTranslation of: Les Grandes doctrines morales.
=504  \\$aIncludes bibliographical references.
=588  \\$aDescription based on print version record.
=650  \0$aEthics.
=650  \7$aEthics.$2fast$0(OCoLC)fst00915833
=700  1\$6880-04,$aUsami, Eiji,$d1918-2002$etranslator.
=730  0\$aGrandes doctrines morales.
=773  0\$tJapanKnowledge
=776  08$6880-05$iPrint version:$aGrégoire, François.$sGrandes doctrines morales. Japanese.$tDōtoku shisōshi.$dTōkyō : Hakusuisha, 1956
=830  \0$6880-06$aBunko kuseju$v196.
=856  40$3JapanKnowledge$uhttp://japanknowledge.com/lib/display/?lid=8021001960000$yJapanKnowledge Lib
=880  10$6245-01$a道徳思想史 /$cフランソワ・グレゴワール著 ; 宇佐見英治訳.
=880  \1$6264-02$a東京 :$b白水社,$c1956.
=880  1\$6490-03$a文庫クセジュ ;$v196
=880  1\$6700-04$a宇佐見英治,$d1918-$etranslator.
=880  08$6776-05$iPrint version:$aGrégoire, François.$sGrandes doctrines morales. Japanese.$t道徳思想史.$d東京 : 白水社, 1956$w(OCoLC)33649526
=880  \0$6830-06$a文庫クセジュ ;$v196.
=859  \\$aORR$bJapanKnowledge
=CAT  \\$aW1704-1242$b00$c20170509$lBLL01$h0927
=CAT  \\$aBATCH-UPD$b00$c20170509$lBLL01$h0929
=CAT  \\$aBATCH-UPD$b00$c20170509$lBLL01$h0938
=CAT  \\$a9572$b40$c20190114$lBLL01$h1543
=CAT  \\$aBATCH-UPD$b40$c20190114$lBLL01$h1544
=CAT  \\$aW2003-0365$c20200305$lBLL01$h1101
=FIN  \\$aY$d20170509
=SID  \\$aZ30$bOCLC
=SRC  \\$aJapanKnowledge_2017$bJK_OCLC20170203.mrc
=LAS  \\$aW2003-0365$b00$c20200305$lBLL01$h1101

