=LDR  02824 am a22006377a 4500
=001  018337839
=003  Uk
=005  20170106042831.0
=006  m\\\\\o\\d\\\\\\\\
=007  cr\unu---uuaua
=008  090129m19911992ja\ab\\\ob\\\\000\0\jpn\d
=FMT  \\$a  BK
=035  \\$a(OCoLC)300373823
=040  \\$aOCLCE$beng$cOCLCE$dOCL$dOCLCQ$dCUS$dOCLCQ$dOCLCA$dCUS$dOCLCF$dOCLCO$dOCLCQ$dYUS$dOCLCO$dYUS$dOCLCO$dOCLCQ$dYUS$dOCLCO$dUk$epn
=043  \\$aa-cc-ti
=050  \4$aDS785.D45$bJ3 1991
=100  1\$aDesideri, Ippolito,$d1684-1733.
=240  10$aNotizie istoriche del Tibet.$lJapanese
=245  10$6880-01$aChibetto no hōkoku /$cI deshideri ; F. de Firippi hen ; Yakushi Yoshimi yaku.
=250  \\$6880-02$aShohan.
=260  \\$6880-03$aTōkyō :$bHeibonsha,$c1991-1992.
=300  \\$a1 online resource (2 volumes) :$billustrations.
=336  \\$atext$btxt$2rdacontent
=337  \\$acomputer$bc$2rdamedia
=338  \\$aonline resource$bcr$2rdacarrier
=490  1\$6880-04$aTōyō bunko ;$v542-543
=504  \\$aIncludes bibliographical references.
=588  0\$aPrint version record.
=610  20$aJesuits$zChina$zTibet Autonomous Region.
=610  27$aJesuits$2fast$0(OCoLC)fst00532143
=650  \0$aMissions$zChina$zTibet Autonomous Region.
=650  \7$aMissions.$2fast$0(OCoLC)fst01023771
=650  \7$aTravel.$2fast$0(OCoLC)fst01155558
=651  \0$aTibet Autonomous Region (China)$xDescription and travel.
=651  \7$aChina$zTibet Autonomous Region.$2fast$0(OCoLC)fst01758817
=700  1\$6880-05$aYakushi, Yoshimi,$d1936-
=700  1\$aDe Filippi, Filippo,$d1869-1938.
=773  0\$tJapanKnowledge
=776  08$iPrint version:$aDesideri, Ippolito, 1684-1733.$sAccount of Tibet. Japanese.$tChibetto no hōkoku.$bShohan.$dTōkyō : Heibonsha, 1991-1992$z4582805426$z9784582805420
=830  \0$6880-06$aTōyō bunko$v542-543.
=856  40$3JapanKnowledge Volume 1$uhttp://japanknowledge.com/lib/display/?lid=80010V0542P0002$yJapanKnowledge Lib
=856  40$3JapanKnowledge Volume 2$uhttp://japanknowledge.com/lib/display/?lid=80010V0543P0002$yJapanKnowledge Lib
=880  10$6245-01/{dollar}1$aチベットの報告 /$cI. デシデリ ; F. デ・フィリッピ編 ; 藥師義美訳.
=880  \\$6250-02/{dollar}1$a初版.
=880  \\$6260-03/{dollar}1$a東京 :$b平凡社,$c1991-1992.
=880  1\$6490-04/{dollar}1$a東洋文庫 ;$v542-543
=880  1\$6700-05/{dollar}1$a薬師義美,$d1936-
=880  \0$6830-06/{dollar}1$a東洋文庫 ;$v542-543.
=859  \\$aORR$bJapanKnowledge
=CAT  \\$aW1704-1242$b00$c20170509$lBLL01$h0927
=CAT  \\$aBATCH-UPD$b00$c20170509$lBLL01$h0929
=CAT  \\$aW2003-0365$c20200305$lBLL01$h1101
=FIN  \\$aY$d20170509
=SID  \\$aZ30$bOCLC
=SRC  \\$aJapanKnowledge_2017$bJK_OCLC20170203.mrc
=LAS  \\$aW2003-0365$b00$c20200305$lBLL01$h1101

