=LDR  02940 am a22007457a 4500
=001  018337840
=003  Uk
=005  20170106042831.0
=006  m\\\\\o\\d\\\\\\\\
=007  cr\|||||||||||
=008  111015s1990\\\\ja\\\\\\ob\\\\000\0\jpn\d
=FMT  \\$a  BK
=019  \\$a636403623
=020  \\$z4582805132
=020  \\$z9784582805130
=035  \\$a(OCoLC)757173919$z(OCoLC)636403623
=040  \\$aOCLCE$beng$cOCLCE$dCUS$dOCLCQ$dOCLCA$dOCLCQ$dOCLCO$dOCLCQ$dOCLCF$dOCLCO$dYUS$dOCLCO$dYUS$dOCLCO$dOCLCQ$dYUS$dOCLCO$dUk$epn
=042  \\$adlr
=043  \\$aa-ja---
=050  \4$aBQ4000$b.M56 1990
=084  \\$aEI 5344$2rvk
=100  1\$6880-01$aMinamoto, Tamenori,$d-1011
=240  10$6880-02$aSanbō ekotoba
=245  10$6880-03$aSanbōe :$bHeian jidai Bukkyō setsuwashū /$cMinamoto Tamenori ; Izumoji Osamu kōchū.
=250  \\$6880-04$aShohan.
=260  \\$6880-05$aTōkyō$bHeibonsha,$c1990.
=300  \\$a1 online resource (vi, 283 pages).
=336  \\$atext$btxt$2rdacontent
=337  \\$acomputer$bc$2rdamedia
=338  \\$aonline resource$bcr$2rdacarrier
=490  1\$6880-06$aTōyō bunko ;$v513
=504  \\$aIncludes bibliographical references.
=588  0\$aPrint version record.
=650  \0$aBuddhism$vEarly works to 1800.
=650  \0$aBuddhism$zJapan$xRituals.
=650  \0$aBuddhist legends$zJapan.
=650  \0$aBuddhist literature, Japanese.
=650  \7$aBuddhism$xRituals.$2fast$0(OCoLC)fst00840083
=650  \7$aBuddhism.$2fast$0(OCoLC)fst00840028
=650  \7$aBuddhist legends.$2fast$0(OCoLC)fst01727608
=650  \7$aBuddhist literature, Japanese.$2fast$0(OCoLC)fst00840196
=651  \7$aJapan.$2fast$0(OCoLC)fst01204082
=655  \7$aEarly works.$2fast$0(OCoLC)fst01411636
=700  1\$6880-07$aIzumoji, Osamu,$d1948-
=773  0\$tJapanKnowledge
=776  08$iPrint version:$aMinamoto, Tamenori, -1011.$sSanbō ekotoba.$tSanbōe.$bShohan.$dTōkyō Heibonsha, 1990$z4582805132
=830  \0$6880-08$aTōyō bunko$v513.
=856  40$3JapanKnowledge$uhttp://japanknowledge.com/lib/display/?lid=80010V0513P0002$yJapanKnowledge Lib
=880  1\$6100-01/{dollar}1$a源為憲,$d-1011.
=880  10$6240-02/{dollar}1$a三宝絵詞
=880  10$6245-03/{dollar}1$a三宝絵 :$b平安時代仏教說話集 /$c源為憲 ; 出雲路修校注.
=880  \\$6250-04/{dollar}1$a初版.
=880  \\$6260-05/{dollar}1$a東京 :$b平凡社,$c1990.
=880  1\$6490-06/{dollar}1$a東洋文庫 ;$v513
=880  1\$6700-07/{dollar}1$a出雲路修,$d1948-
=880  \0$6830-08/{dollar}1$a東洋文庫 ;$v513.
=859  \\$aORR$bJapanKnowledge
=CAT  \\$aW1704-1242$b00$c20170509$lBLL01$h0927
=CAT  \\$aBATCH-UPD$b00$c20170509$lBLL01$h0929
=CAT  \\$aBATCH-UPD$b00$c20170509$lBLL01$h0938
=CAT  \\$aW2003-0365$c20200305$lBLL01$h1101
=FIN  \\$aY$d20170509
=SID  \\$aZ30$bOCLC
=SRC  \\$aJapanKnowledge_2017$bJK_OCLC20170203.mrc
=LAS  \\$aW2003-0365$b00$c20200305$lBLL01$h1101

