=LDR  03064 am a22007577a 4500
=001  018337841
=003  Uk
=005  20180911175525.0
=006  m\\\\\o\\d\\\\\\\\
=007  cr\|||||||||||
=008  100910s1976\\\\ja\a\\\\ob\\\\001\0\jpn\d
=FMT  \\$a  BK
=019  \\$a297297524
=020  \\$z4582802850$q(v. 1)
=020  \\$z4582802931$q(v. 2)
=020  \\$z4582802974$q(v. 3)
=020  \\$z9784582802856$q(v. 1)
=020  \\$z9784582802931$q(v. 2)
=020  \\$z9784582802979$q(v. 3)
=035  \\$a(OCoLC)663727227$z(OCoLC)297297524
=040  \\$aOCLCE$beng$cOCLCE$dOCLCQ$dCUS$dOCLCQ$dOCLCF$dOCLCO$dYUS$dOCLCO$dYUS$dOCLCO$dOCLCQ$dYUS$dOCLCO$dUk$epn
=043  \\$aa-ja---
=050  \4$aHQ772$b.K63 <Orien Japan>
=245  00$6880-01$aKosodate no sho /$cYamazumi Masami, Nakae Kazue henchū.
=250  \\$6880-02$aShohan.
=260  \\$6880-03$aTōkyō :$bHeibonsha,$c1976$g(1989 printing)
=300  \\$a1 online resource (3 volumes) :$billustrations.
=336  \\$atext$btxt$2rdacontent
=337  \\$acomputer$bc$2rdamedia
=338  \\$aonline resource$bcr$2rdacarrier
=490  1\$6880-04$aTōyō bunko ;$v285, 293, 297
=500  \\$aIncludes index.
=504  \\$aIncludes bibliographical references.
=588  0\$aPrint version record.
=650  \0$aChild development$zJapan.
=650  \0$aChild rearing$zJapan.
=650  \0$aEducation.
=650  \7$aChild development.$2fast$0(OCoLC)fst00854393
=650  \7$aChild rearing.$2fast$0(OCoLC)fst00854588
=650  \7$aEducation.$2fast$0(OCoLC)fst00902499
=651  \7$aJapan.$2fast$0(OCoLC)fst01204082
=700  1\$aYamazumi, Masami,$d1931-2003.
=700  1\$6880-06$aNakae, Kazue,$d1949-
=773  0\$tJapanKnowledge
=776  08$iPrint version:$tKosodate no sho.$bShohan.$dTōkyō : Heibonsha, 1976
=830  \0$6880-07$aTōyō bunko$v285, 293, 297.
=856  40$3JapanKnowledge Volume 1$uhttp://japanknowledge.com/lib/display/?lid=80010V0285P0002$yJapanKnowledge Lib
=856  40$3JapanKnowledge Volume 2$uhttp://japanknowledge.com/lib/display/?lid=80010V0293P0002$yJapanKnowledge Lib
=856  40$3JapanKnowledge Volume 3$uhttp://japanknowledge.com/lib/display/?lid=80010V0297P0002$yJapanKnowledge Lib
=880  00$6245-01/{dollar}1$a子育ての書 /$c山住正己, 中江和恵編注.
=880  \\$6250-02/{dollar}1$a初版.
=880  \\$6260-03/{dollar}1$a東京 :$b平凡社,$c1976$g(1989 printing)
=880  1\$6490-04/{dollar}1$a東洋文庫 ;$v285, 293, 297
=880  1\$6700-05/{dollar}1$a山住正己,$d1931-
=880  1\$6700-06/{dollar}1$a中江和恵,$d1949-
=880  \0$6830-07/{dollar}1$a東洋文庫 ;$v285, 293, 297.
=859  \\$aORR$bJapanKnowledge
=CAT  \\$aW1704-1242$b00$c20170509$lBLL01$h0927
=CAT  \\$aBATCH-UPD$b00$c20170509$lBLL01$h0929
=CAT  \\$aBATCH-UPD$b00$c20170509$lBLL01$h0938
=CAT  \\$a12666$b40$c20180911$lBLL01$h1755
=CAT  \\$aW2003-0365$c20200305$lBLL01$h1101
=FIN  \\$aY$d20170509
=SID  \\$aZ30$bOCLC
=SRC  \\$aJapanKnowledge_2017$bJK_OCLC20170203.mrc
=LAS  \\$aW2003-0365$b00$c20200305$lBLL01$h1101

