=LDR  02263 am a22006014i 4500
=001  018337842
=003  Uk
=005  20170106042832.0
=006  m\\\\\o\\d\\\\\\\\
=007  cr\|||||||||||
=008  151113s1978\\\\ja\\\\\\ob\\\\000\0\jpn\d
=FMT  \\$a  BK
=020  \\$z4560056161
=020  \\$z9784560056165
=035  \\$a(OCoLC)929029035
=040  \\$aWTU$beng$cYUS$dOCLCO$dYUS$dOCLCO$dOCLCF$dUk$erda$epn
=041  1\$ajpn$hfre
=100  1\$aJan, Michel,$eauthor.
=240  10$aLa vie chinoise.$lJapanese
=245  10$6880-01$aChūgokujin no seikatsu /$cMisheru Jan cho ; Ogawa Tokuaki yaku.
=264  \1$6880-02$aTōkyō :$bHakusuisha,$c1978.
=300  \\$a1 online resource.
=336  \\$atext$btxt$2rdacontent
=337  \\$acomputer$bc$2rdamedia
=338  \\$aonline resource$bcr$2rdacarrier
=490  1\$6880-03$aBunko kuseju ;$v616
=504  \\$aIncludes bibliographical references.
=588  \\$aDescription based on print version.
=648  \7$aSince 1949$2fast
=650  \7$aManners and customs.$2fast$0(OCoLC)fst01007815
=650  \7$aSocial conditions.$2fast$0(OCoLC)fst01919811
=651  \0$aChina$xSocial conditions$y1949-
=651  \0$aChina$xSocial life and customs$y1949-
=651  \7$aChina.$2fast$0(OCoLC)fst01206073
=700  1\$6880-04$aOgawa, Tokuaki,$etranslator.
=700  1\$iTranslation of:$aJan, Michel.$tLa vie chinoise.
=773  0\$tJapanKnowledge
=776  08$iPrint version:$tChūgokujin no seikatsu
=830  \0$6880-05$aBunko kuseju$v616.
=856  40$3JapanKnowledge$uhttp://japanknowledge.com/lib/display/?lid=8021006160000$yJapanKnowledge Lib
=880  10$6245-01$a中国人の生活 /$cミシェル・ジャン著 ; 小川特明訳.
=880  \1$6264-02$a東京 :$b白水社,$c1978.
=880  1\$6490-03$a文庫クセジュ ;$v616
=880  1\$6700-04$a小川特明,$etranslator.
=880  \0$6830-05$a文庫クセジュ ;$v616.
=859  \\$aORR$bJapanKnowledge
=CAT  \\$aW1704-1242$b00$c20170509$lBLL01$h0927
=CAT  \\$aBATCH-UPD$b00$c20170509$lBLL01$h0930
=CAT  \\$aW2003-0365$c20200305$lBLL01$h1101
=FIN  \\$aY$d20170509
=SID  \\$aZ30$bOCLC
=SRC  \\$aJapanKnowledge_2017$bJK_OCLC20170203.mrc
=LAS  \\$aW2003-0365$b00$c20200305$lBLL01$h1101

