=LDR  03068 am a22006737a 4500
=001  018337843
=003  Uk
=005  20170106042832.0
=006  m\\\\\o\\d\\\\\\\\
=007  cr\unu---uuaua
=008  090109s1994\\\\ja\a\\\\ob\\\\001\0ajpn\d
=FMT  \\$a  BK
=035  \\$a(OCoLC)297944137
=040  \\$aOCLCE$beng$cOCLCE$dOCLCQ$dCUS$dOCLCQ$dOCLCF$dOCLCO$dYUS$dOCLCO$dYUS$dOCLCO$dOCLCQ$dYUS$dOCLCO$dUk$epn
=043  \\$aa------
=050  \4$aBX2179$b.F7316 1994
=100  0\$aFrancis Xavier,$cSaint,$d1506-1552.
=240  10$aCorrespondence.$lJapanese
=245  10$6880-01$aSei Furanshisuko Zabieru zenshokan /$cKōno Yoshinori yaku.
=250  \\$6880-02$aShohan.
=260  \\$6880-03$aTōkyō :$bHeibonsha,$c1994.
=300  \\$a1 online resource (4 volumes) :$billustrations.
=336  \\$atext$btxt$2rdacontent
=337  \\$acomputer$bc$2rdamedia
=338  \\$aonline resource$bcr$2rdacarrier
=490  1\$6880-04$aTōyō bunko ;$v579-582
=504  \\$aIncludes bibliographical references and index.
=588  0\$aPrint version record.
=600  00$aFrancis Xavier,$cSaint,$d1506-1552$vCorrespondence.
=600  07$aFrancis Xavier,$cSaint,$d1506-1552$2fast$0(OCoLC)fst00019223
=650  \0$aChristian saints$vCorrespondence.
=650  \0$aMissionaries$zAsia$vCorrespondence.
=650  \7$aChristian saints.$2fast$0(OCoLC)fst00859491
=650  \7$aMissionaries.$2fast$0(OCoLC)fst01023720
=651  \7$aAsia.$2fast$0(OCoLC)fst01240495
=655  \7$aRecords and correspondence.$2fast$0(OCoLC)fst01423917
=700  1\$6880-05$aKōno, Yoshinori,$d1921-
=773  0\$tJapanKnowledge
=776  08$iPrint version:$aFrancis Xavier, Saint, 1506-1552.$sCorrespondence. Japanese.$tSei Furanshisuko Zabieru zenshokan.$bShohan.$dTōkyō : Heibonsha, 1994$z4582805795$z9784582805796
=830  \0$6880-06$aTōyō bunko$v579-582.
=856  40$3JapanKnowledge Volume 1$uhttp://japanknowledge.com/lib/display/?lid=80010V0579P0002$yJapanKnowledge Lib
=856  40$3JapanKnowledge Volume 2$uhttp://japanknowledge.com/lib/display/?lid=80010V0580P0002$yJapanKnowledge Lib
=856  40$3JapanKnowledge Volume 3$uhttp://japanknowledge.com/lib/display/?lid=80010V0581P0002$yJapanKnowledge Lib
=856  40$3JapanKnowledge Volume 4$uhttp://japanknowledge.com/lib/display/?lid=80010V0582P0002$yJapanKnowledge Lib
=880  10$6245-01/{dollar}1$a聖フランシスコザビエル全書簡 /$c河野純徳訳.
=880  \\$6250-02/{dollar}1$a初版.
=880  \\$6260-03/{dollar}1$a東京 :$b平凡社,$c1994.
=880  1\$6490-04/{dollar}1$a東洋文庫 ;$v579-582
=880  1\$6700-05/{dollar}1$a河野純徳,$d1921-
=880  \0$6830-06/{dollar}1$a東洋文庫 ;$v579-582.
=859  \\$aORR$bJapanKnowledge
=CAT  \\$aW1704-1242$b00$c20170509$lBLL01$h0927
=CAT  \\$aBATCH-UPD$b00$c20170509$lBLL01$h0930
=CAT  \\$aBATCH-UPD$b00$c20170509$lBLL01$h0938
=CAT  \\$aW2003-0365$c20200305$lBLL01$h1101
=FIN  \\$aY$d20170509
=SID  \\$aZ30$bOCLC
=SRC  \\$aJapanKnowledge_2017$bJK_OCLC20170203.mrc
=LAS  \\$aW2003-0365$b00$c20200305$lBLL01$h1101

