=LDR  02631 am a22006617a 4500
=001  018337844
=003  Uk
=005  20170106042833.0
=006  m\\\\\o\\d\\\\\\\\
=008  111008s2001\\\\ja\a\\\\ob\\\\001\0\jpn\d
=FMT  \\$a  BK
=019  \\$a928950380
=020  \\$z4096580724
=020  \\$z9784096580721
=035  \\$a(OCoLC)756419202$z(OCoLC)928950380
=040  \\$aOCLCE$beng$cOCLCE$dOCLCQ$dOCLCO$dOCLCQ$dYUS$dOCLCQ$dYUS$dOCLCO$dUk$epn
=042  \\$adlr
=043  \\$aa-ja---
=050  \4$aPL762.H3$bK56 2001
=084  \\$a918$2njb/9
=245  00$6880-01$aKinsei haiku haibunshū /$ckōchō, yaku Kira Sueo [and others].
=250  \\$6880-02$aDai 1-han.
=260  \\$6880-03$aTōkyō :$bShōgakkan,$c2001.
=300  \\$a1 online resource (638 pages) :$billustrations (some color).
=336  \\$atext$btxt$2rdacontent
=337  \\$acomputer$bc$2rdamedia
=338  \\$aonline resource$bcr$2rdacarrier
=490  1\$6880-04$aShinpen Nihon koten bungaku zenshū ;$v72
=500  \\$aIncludes indexes.
=504  \\$aIncludes bibliographical references (pages 617-623).
=588  0\$aPrint version record.
=650  \0$aHaiku$yEdo period, 1600-1868.
=650  \0$aHaikai.
=650  \0$aHaibun.
=650  \0$aJapanese poetry$yEdo period, 1600-1868.
=700  1\$6880-05$aKira, Sueo,$d1940-2008
=773  0\$tJapanKnowledge
=776  08$iPrint version:$tKinsei haiku haibunshū.$bDai 1-han.$dTōkyō : Shōgakkan, 2001
=830  \0$6880-06$aShinpen Nihon koten bungaku zenshū$v72.
=856  40$3JapanKnowledge Volume 1$uhttp://japanknowledge.com/lib/display/?lid=80110V00720019$yJapanKnowledge Lib
=856  40$3JapanKnowledge Volume 2$uhttp://japanknowledge.com/lib/display/?lid=80110V00720425$yJapanKnowledge Lib
=880  00$6245-01/{dollar}1$a近世俳句俳文集 /$c校注·訳雲英末雄 [and others].
=880  \\$6250-02/{dollar}1$a第1版.
=880  \\$6260-03/{dollar}1$a東京 :$b小学館,$c2001.
=880  \1$6264-00/{dollar}1$a東京 :$b小学館,$c2001.
=880  1\$6490-04/{dollar}1$a新編日本古典文学全集 ;$v72
=880  1\$6700-05/{dollar}1$a雲英末雄,$d1940-2008.
=880  \0$6830-06/{dollar}1$a新編日本古典文学全集 ;$v72.
=859  \\$aORR$bJapanKnowledge
=CAT  \\$aW1704-1242$b00$c20170509$lBLL01$h0927
=CAT  \\$aBATCH-UPD$b00$c20170509$lBLL01$h0930
=CAT  \\$aBATCH-UPD$b00$c20170509$lBLL01$h0938
=CAT  \\$aW2003-0365$c20200305$lBLL01$h1101
=CAT  \\$aBATCH-UPD$b00$c20200918$lBLL01$h2045
=FIN  \\$aY$d20170509
=SID  \\$aZ30$bOCLC
=SRC  \\$aJapanKnowledge_2017$bJK_OCLC20170203.mrc
=LAS  \\$aBATCH-UPD$b00$c20200918$lBLL01$h2045

