=LDR  02500 am a22006257i 4500
=001  018337845
=003  Uk
=005  20170106042833.0
=006  m\\\\\o\\d\\\\\\\\
=007  cr\|||||||||||
=008  100315s1971\\\\ja\af\\\ob\\\\000\0\jpn\d
=FMT  \\$a  BK
=020  \\$z4582801846
=020  \\$z9784582801842
=035  \\$a(OCoLC)556974926
=040  \\$aOCLCE$beng$cOCLCE$dOCLCQ$dCUS$dOCLCQ$dOCLCF$dOCL$dYUS$dOCLCO$dYUS$dOCLCO$dOCL$dOCLCQ$dOCLCO$dYUS$dOCLCO$dUk$epn
=042  \\$adlr
=043  \\$aa-cc---
=050  \4$aDS744$b.S53 1971
=100  1\$6880-01$aShirakawa, Shizuka,$d1910-2006
=245  10$6880-02$aKinbun no sekai :$bIn-Shū shakaishi /$cShirakawa Shizuka.
=250  \\$6880-03$aShohan.
=260  \\$6880-04$aTōkyō :$bHeibonsha,$cShōwa 46 [1971]
=300  \\$a1 online resource (301 pages, [2] pages of plates) :$billustrations.
=336  \\$atext$btxt$2rdacontent
=337  \\$acomputer$bc$2rdamedia
=338  \\$aonline resource$bcr$2rdacarrier
=490  1\$6880-05$aTōyō bunko ;$v184
=504  \\$aIncludes bibliographical references (pages 295-298).
=588  0\$aPrint version record.
=648  \7$a1766-221 B.C$2fast
=650  \7$aShang Dynasty (China)$2fast$0(OCoLC)fst01696775
=650  \7$aZhou Dynasty (China)$2fast$0(OCoLC)fst01696787
=651  \0$aChina$xHistory$yShang dynasty, 1766-1122 B.C.
=651  \0$aChina$xHistory$yZhou dynasty, 1122-221 B.C.
=651  \7$aChina.$2fast$0(OCoLC)fst01206073
=655  \7$aHistory.$2fast$0(OCoLC)fst01411628
=773  0\$tJapanKnowledge
=776  08$iPrint version:$aShirakawa, Shizuka, 1910-2006.$tKinbun no sekai.$bShohan.$dTōkyō, Heibonsha, Shōwa 46 [1971]
=830  \0$6880-06$aTōyō bunko$v184.
=856  40$3JapanKnowledge$uhttp://japanknowledge.com/lib/display/?lid=80010V0184P0003$yJapanKnowledge Lib
=880  1\$6100-01/{dollar}1$a白川静,$d1910-2006.
=880  10$6245-02/{dollar}1$a金文の世界 :$b殷周社会史 /$c白川静.
=880  \\$6250-03/{dollar}1$a初版.
=880  \\$6260-04/{dollar}1$a東京 :$b平凡社,$c昭和46 [1971]
=880  1\$6490-05/{dollar}1$a東洋文庫 ;$v184
=880  \0$6830-06/{dollar}1$a東洋文庫 ;$v184.
=859  \\$aORR$bJapanKnowledge
=CAT  \\$aW1704-1242$b00$c20170509$lBLL01$h0927
=CAT  \\$aBATCH-UPD$b00$c20170509$lBLL01$h0930
=CAT  \\$aW2003-0365$c20200305$lBLL01$h1101
=FIN  \\$aY$d20170509
=SID  \\$aZ30$bOCLC
=SRC  \\$aJapanKnowledge_2017$bJK_OCLC20170203.mrc
=LAS  \\$aW2003-0365$b00$c20200305$lBLL01$h1101

