=LDR  03288 am a22007817a 4500
=001  018337846
=003  Uk
=005  20170106042833.0
=006  m\\\\\o\\d\\\\\\\\
=007  cr\|||||||||||
=008  100325m19851986ja\a\\\\o\\\\\001\0\jpn\d
=FMT  \\$a  BK
=019  \\$a301007397
=020  \\$z4582804446$q(v. 1)
=020  \\$z4582804462$q(v. 2)
=020  \\$z4582804500$q(v. 3)
=020  \\$z4582804535$q(v. 4)
=020  \\$z9784582804447$q(v. 1)
=020  \\$z9784582804461$q(v. 2)
=020  \\$z9784582804508$q(v. 3)
=020  \\$z9784582804539$q(v. 4)
=035  \\$a(OCoLC)576470056$z(OCoLC)301007397
=040  \\$aOCLCE$beng$cOCLCE$dOCLCQ$dCUS$dOCLCQ$dOCLCO$dOCLCF$dOCLCO$dYUS$dOCLCO$dOCLCA$dYUS$dOCLCO$dOCLCQ$dYUS$dOCLCO$dUk$epn
=042  \\$adlr
=043  \\$aa-ja---
=050  \4$aDS827.S3$bI74 1985
=100  1\$6880-01$aIse, Sadatake,$d1717-1784
=245  10$6880-02$aTeijō zakki /$cIse Sadatake ; Shimada Isao kōchū.
=250  \\$6880-03$aShohan.
=260  \\$6880-04$aTōkyō :$bHeibonsha,$c1985-1986.
=300  \\$a1 online resource (4 volumes) :$billustrations.
=336  \\$atext$btxt$2rdacontent
=337  \\$acomputer$bc$2rdamedia
=338  \\$aonline resource$bcr$2rdacarrier
=490  1\$6880-05$aTōyō bunko ;$v444, 446, 450, 453
=500  \\$aIncludes index.
=588  0\$aPrint version record.
=650  \0$aRites and ceremonies$zJapan.
=650  \0$aSamurai$xSocial life and customs.
=650  \7$aManners and customs.$2fast$0(OCoLC)fst01007815
=650  \7$aRites and ceremonies.$2fast$0(OCoLC)fst01098216
=650  \7$aSamurai$xSocial life and customs.$2fast$0(OCoLC)fst01104716
=651  \0$aJapan$xSocial life and customs.
=651  \7$aJapan.$2fast$0(OCoLC)fst01204082
=700  1\$6880-06$aShimada, Isao,$d1911-1990
=773  0\$tJapanKnowledge
=776  08$iPrint version:$aIse, Sadatake, 1717-1784.$tTeijō zakki.$bShohan.$dTōkyō : Heibonsha, 1985-1986
=830  \0$6880-07$aTōyō bunko$v444, 446, 450, 453.
=856  40$3JapanKnowledge Volume 1$uhttp://japanknowledge.com/lib/display/?lid=80010V0444P0002$yJapanKnowledge Lib
=856  40$3JapanKnowledge Volume 2$uhttp://japanknowledge.com/lib/display/?lid=80010V0446P0002$yJapanKnowledge Lib
=856  40$3JapanKnowledge Volume 3$uhttp://japanknowledge.com/lib/display/?lid=80010V0450P0002$yJapanKnowledge Lib
=856  40$3JapanKnowledge Volume 4$uhttp://japanknowledge.com/lib/display/?lid=80010V0453P0002$yJapanKnowledge Lib
=880  1\$6100-01/{dollar}1$a伊勢貞丈,$d1717-1784.
=880  10$6245-02/{dollar}1$a貞丈雜記 /$c伊勢貞丈 ; 島田勇雄校注.
=880  \\$6250-03/{dollar}1$a初版.
=880  \\$6260-04/{dollar}1$a東京 :$b平凡社,$c1985-1986.
=880  1\$6490-05/{dollar}1$a東洋文庫 ;$v444, 446, 450, 453
=880  1\$6700-06/{dollar}1$a島田勇雄,$d1911-
=880  \0$6830-07/{dollar}1$a東洋文庫 ;$v444, 446, 450, 453.
=859  \\$aORR$bJapanKnowledge
=CAT  \\$aW1704-1242$b00$c20170509$lBLL01$h0927
=CAT  \\$aBATCH-UPD$b00$c20170509$lBLL01$h0930
=CAT  \\$aBATCH-UPD$b00$c20170509$lBLL01$h0938
=CAT  \\$aW2003-0365$c20200305$lBLL01$h1101
=FIN  \\$aY$d20170509
=SID  \\$aZ30$bOCLC
=SRC  \\$aJapanKnowledge_2017$bJK_OCLC20170203.mrc
=LAS  \\$aW2003-0365$b00$c20200305$lBLL01$h1101

