=LDR  01848 am a22005054i 4500
=001  018337847
=003  Uk
=005  20170106042833.0
=006  m\\\\\o\\d\\\\\\\\
=007  cr\|||||||||||
=008  151214s1997\\\\ja\\\\\\\bd\\\000\0\jpn\d
=FMT  \\$a  BK
=020  \\$z4095081112
=020  \\$z9784095081113
=035  \\$a(OCoLC)932129309
=040  \\$aYUS$beng$cYUS$dOCLCO$dUk$erda$epn
=050  \4$aBQ130
=100  1\$6880-01,$aIshida, Mizumaro.$eauthor.
=245  10$6880-02$aReibun bukkyōgo daijiten /$cIshida Mizumaro cho.
=246  30$6880-03$aBukkyōgo daijiten
=264  \1$6880-04$aTōkyō :$bGakushū Kenkyūsha,$c1997.
=300  \\$a1 online resource
=336  \\$atext$btxt$2rdacontent
=337  \\$acomputer$bc$2rdamedia
=338  \\$aonline resource$bcr$2rdacarrier
=504  \\$aIncludes bibliographical references (pages 1141-1147).
=588  \\$aDescription based on print version.
=650  \0$aBuddhism$vDictionaries$xJapanese.
=650  \7$aBuddhism.$2fast$0(OCoLC)fst00840028
=655  \7$aDictionaries.$2fast$0(OCoLC)fst01423826
=773  0\$tJapanKnowledge
=776  08$iPrint version:$tReibun bukkyōgo daijiten.
=856  40$3JapanKnowledge$uhttp://japanknowledge.com/lib/search/basic/?cids=54100$yJapanKnowledge Lib
=880  1\$6100-01/{dollar}1$a石田瑞磨,$eauthor.
=880  10$6245-02/{dollar}1$a例文仏教語大辞典 /$c石田瑞磨著.
=880  30$6246-03/{dollar}1$a仏教語大辞典
=880  \1$6264-04/{dollar}1$a東京 :$b学習研究社,$c1997.
=859  \\$aORR$bJapanKnowledge
=CAT  \\$aW1704-1242$b00$c20170509$lBLL01$h0927
=CAT  \\$aBATCH-UPD$b00$c20170509$lBLL01$h0930
=CAT  \\$aW2003-0365$c20200305$lBLL01$h1101
=FIN  \\$aY$d20170509
=SID  \\$aZ30$bOCLC
=SRC  \\$aJapanKnowledge_2017$bJK_OCLC20170203.mrc
=LAS  \\$aW2003-0365$b00$c20200305$lBLL01$h1101

