=LDR  02272 am a22006014i 4500
=001  018337848
=003  Uk
=005  20170106042834.0
=006  m\\\\\o\\d\\\\\\\\
=007  cr\|||||||||||
=008  151214s1998\\\\ja\\\\\go\\\\\000\0\jpn\d
=FMT  \\$a  BK
=020  \\$z4560058040
=020  \\$z9784560058046
=035  \\$a(OCoLC)932129364
=040  \\$aCNEAL$beng$cYUS$dOCLCO$dOCLCF$dUk$erda$epn
=041  1\$ajpn$hfre
=050  \4$aGV943$b.T56165 1998
=100  1\$aThomas, Raymond,$eauthor.
=240  10$aFootball.$lJapanese
=245  00$6880-01$aFuransu no sakkā /$cReimon Toma, Jan-Ryukku Shenō, Jerāru Dyure cho ; Yamashita Masayuki yaku.
=264  \1$6880-02$aTōkyō :$bHakusuisha,$c1998.
=300  \\$a1 online resource.
=336  \\$atext$btxt$2rdacontent
=337  \\$acomputer$bc$2rdamedia
=338  \\$aonline resource$bcr$2rdacarrier
=490  1\$6880-03$aBunko kuseju ;$v804
=500  \\$aTranslation of: Le football.
=588  \\$aDescription based on print version.
=650  \0$aSoccer$zFrance.
=650  \7$aSoccer.$2fast$0(OCoLC)fst01122119
=651  \7$aFrance.$2fast$0(OCoLC)fst01204289
=700  1\$aChesneau, Jean-Luc.
=700  1\$aDuret, Gérard.
=700  1\$6880-04$aYamashita, Masayuki,$d1956-
=773  0\$tJapanKnowledge
=776  08$iPrint version:$tFuransu no sakka.
=830  \0$6880-05$aBunko kuseju$v804.
=856  40$3JapanKnowledge$uhttp://japanknowledge.com/lib/display/?lid=8021008040000$yJapanKnowledge Lib
=880  00$6245-01/{dollar}1$aフランスのサッカー /$cレイモン・トマ, ジャン=リュック・シェノー, ジェラール・デュレ著 ; 山下雅之訳.
=880  \1$6264-02/{dollar}1$a東京 :$b白水社,$c1998.
=880  1\$6490-03/{dollar}1$a文庫クセジュ ;$v804
=880  1\$6700-04/{dollar}1$a山下, 雅之,$d1956-
=880  \0$6830-05/{dollar}1$a文庫クセジュ ;$v804.
=859  \\$aORR$bJapanKnowledge
=CAT  \\$aW1704-1242$b00$c20170509$lBLL01$h0927
=CAT  \\$aBATCH-UPD$b00$c20170509$lBLL01$h0930
=CAT  \\$aBATCH-UPD$b00$c20170509$lBLL01$h0938
=CAT  \\$aW2003-0365$c20200305$lBLL01$h1101
=FIN  \\$aY$d20170509
=SID  \\$aZ30$bOCLC
=SRC  \\$aJapanKnowledge_2017$bJK_OCLC20170203.mrc
=LAS  \\$aW2003-0365$b00$c20200305$lBLL01$h1101

