=LDR  01948 am a22005414i 4500
=001  018337849
=003  Uk
=005  20170106042834.0
=006  m\\\\\o\\d\\\\\\\\
=007  cr\|||||||||||
=008  151112s1995\\\\ja\\\\\\o\\\\\000\0\jpn\d
=FMT  \\$a  BK
=020  \\$z4560057680
=020  \\$z9784560057681
=035  \\$a(OCoLC)928950247
=040  \\$aYUS$beng$cYUS$dOCLCO$dYUS$dOCLCO$dUk$erda$epn
=041  1\$ajpn$hfre
=050  14$aB3317$b.G6916 1995
=245  00$6880-01$aNīche /$cJan Guranie [cho] ; Sutō Norihide yaku.
=264  \1$6880-02$aTōkyō :$bHakusuisha,$c1995.
=300  \\$a1 online resource.
=336  \\$atext$btxt$2rdacontent
=337  \\$acomputer$bc$2rdamedia
=338  \\$aonline resource$bcr$2rdacarrier
=490  1\$6880-03$aBunko kuseju ;$v768
=588  \\$aDescription based on print version.
=600  10$aNietzsche, Friedrich Wilhelm,$d1844-1900.
=600  17$aNietzsche, Friedrich Wilhelm,$d1844-1900$2fast$0(OCoLC)fst00031611
=700  1\$6880-04$aSutō, Norihide,$d1955-
=700  1\$aGranier, Jean,$d1933-
=730  0\$aNietzsche.
=773  0\$tJapanKnowledge
=776  08$iPrint version:$tNīche
=830  \0$6880-05$aBunko kuseju$v768.
=856  40$3JapanKnowledge$uhttp://japanknowledge.com/lib/display/?lid=8021007680000$yJapanKnowledge Lib
=880  00$6245-01$aニーチェ /$cジャン・グラニエ [著] ; 須藤訓任訳.
=880  \1$6264-02$a東京 :$b白水社,$c1995.
=880  1\$6490-03$a文庫クセジュ ;$v768
=880  1\$6700-04$a須藤訓任,$d1955-
=880  \0$6830-05$a文庫クセジュ ;$v768.
=859  \\$aORR$bJapanKnowledge
=CAT  \\$aW1704-1242$b00$c20170509$lBLL01$h0927
=CAT  \\$aBATCH-UPD$b00$c20170509$lBLL01$h0930
=CAT  \\$aW2003-0365$c20200305$lBLL01$h1101
=FIN  \\$aY$d20170509
=SID  \\$aZ30$bOCLC
=SRC  \\$aJapanKnowledge_2017$bJK_OCLC20170203.mrc
=LAS  \\$aW2003-0365$b00$c20200305$lBLL01$h1101

