=LDR  03119 am a22007457a 4500
=001  018337850
=003  Uk
=005  20170106042835.0
=006  m\\\\\o\\d\\\\\\\\
=007  cr\|||||||||||
=008  100827m19941998ja\ab\\\ob\\\\001\0\jpn\d
=FMT  \\$a  BK
=019  \\$a928950604
=020  \\$z4096580023$q(v. 1)
=020  \\$z9784096580028$q(v. 1)
=020  \\$z4096580031$q(v. 2)
=020  \\$z9784096580035$q(v. 2)
=020  \\$z409658004X$q(v. 3)
=020  \\$z9784096580042$q(v. 3)
=035  \\$a(OCoLC)659309587$z(OCoLC)928950604
=040  \\$aOCLCE$beng$cOCLCE$dOCLCQ$dOCLCF$dOCLCO$dYUS$dOCLCO$dOCLCQ$dYUS$dOCLCO$dUk$epn
=043  \\$aa-ja---
=050  \4$aDS855$b.N54 1994
=082  04$a895.608$bS556, 1994, v. 2-4
=245  00$6880-01$aNihon shoki /$cKōchū, yaku Kojima Noriyuki [and others].
=250  \\$6880-02$aDai 1-han.
=260  \\$6880-03$aTōkyō :$bShōgakkan,$c1994-1998.
=300  \\$a1 online resource (3 volumes) :$billustrations, map.
=336  \\$atext$btxt$2rdacontent
=337  \\$acomputer$bc$2rdamedia
=338  \\$aonline resource$bcr$2rdacarrier
=490  1\$6880-04$aShinpen Nihon koten bungaku zenshū ;$v2-4
=504  \\$aIncludes bibliographical references and indexes.
=505  0\$6880-05$a1. Kan daiichi Jindai (jō) -- kan daijū Ōjin Tennō -- 2. Kan dai jūichi Nintoku Tennō -- kan dai nijūni Suiko Tennō -- 3. Kan dainijūsan Jomei Tennō -- kan daisanjū Jitō Tenno.
=588  0\$aPrint version record.
=630  00$6880-06$aNihon shoki
=630  07$aNihon shoki.$2fast$0(OCoLC)fst01361908
=648  \7$aTo 645$2fast
=651  \0$aJapan$xHistory$yTo 645.
=651  \7$aJapan.$2fast$0(OCoLC)fst01204082
=655  \7$aHistory.$2fast$0(OCoLC)fst01411628
=700  1\$6880-07$aKojima, Noriyuki,$d1913-1998
=773  0\$tJapanKnowledge
=776  08$iPrint version:$tNihon shoki.$bDai 1-han.$dTōkyō : Shōgakkan, 1994-1998
=830  \0$6880-08$aShinpen Nihon koten bungaku zenshū$v2-4.
=856  40$3JapanKnowledge$uhttp://japanknowledge.com/lib/display/?lid=80110V00020015$yJapanKnowledge Lib
=880  00$6245-01/{dollar}1$a日本書紀 /$c校注・訳小島憲之 [and others].
=880  \\$6250-02/{dollar}1$a第1版.
=880  \\$6260-03/{dollar}1$a東京 :$b小学館,$c1994-1998.
=880  \1$6264-00/{dollar}1$a東京 :$b小学館,$c1994-1998.
=880  1\$6490-04/{dollar}1$a新編日本古典文学全集 ;$v2-4
=880  1\$6505-05/{dollar}1$a1. 卷第1 神代 [上] -- 卷第10 応神天皇 -- 2.
=880  04$6630-06/{dollar}1$a日本書紀.
=880  1\$6700-07/{dollar}1$a小島憲之,$d1913-
=880  \0$6830-00/{dollar}1$a新編日本古典文学全集 ;$v2, etc.
=880  \0$6830-08/{dollar}1$a新編日本古典文学全集 ;$v2-4.
=859  \\$aORR$bJapanKnowledge
=CAT  \\$aW1704-1242$b00$c20170509$lBLL01$h0927
=CAT  \\$aBATCH-UPD$b00$c20170509$lBLL01$h0930
=CAT  \\$aW2003-0365$c20200305$lBLL01$h1101
=CAT  \\$aBATCH-UPD$b00$c20200918$lBLL01$h2045
=FIN  \\$aY$d20170509
=SID  \\$aZ30$bOCLC
=SRC  \\$aJapanKnowledge_2017$bJK_OCLC20170203.mrc
=LAS  \\$aBATCH-UPD$b00$c20200918$lBLL01$h2045

