=LDR  02045 am a22005534i 4500
=001  018337851
=003  Uk
=005  20170106042835.0
=006  m\\\\\o\\d\\\\\\\\
=007  cr\|||||||||||
=008  151113s2001\\\\ja\\\\\\o\\\\\000\0\jpn\d
=FMT  \\$a  BK
=020  \\$z4560058377
=020  \\$z9784560058374
=035  \\$a(OCoLC)929031264
=040  \\$aCNEAL$beng$cYUS$dOCLCO$dYUS$dOCLCO$dOCLCF$dUk$erda$epn
=041  1\$ajpn$hfre
=050  \4$aHN373.5$b.M47165 2001
=100  10$aMerrien, François-Xavier,$eauthor.
=240  10$aÉtat-providence.$lJapanese
=245  10$6880-01$aFukushi kokka /$cFuransowa-Guzavie Merian cho ; Ishizuka Hideo yaku.
=264  \1$6880-02$aTokyo :$bHakusuisha,$c2001.
=300  \\$a1 online resource.
=336  \\$atext$btxt$2rdacontent
=337  \\$acomputer$bc$2rdamedia
=338  \\$aonline resource$bcr$2rdacarrier
=490  1\$6880-03$aBunko kuseju ;$v837
=500  \\$aTranslation of: L'État-providence
=588  \\$aDescription based on print version.
=650  \0$aWelfare state.
=650  \7$aWelfare state.$2fast$0(OCoLC)fst01173685
=700  1\$6880-04$aIshizuka, Hideo,$d1948-
=773  0\$tJapanKnowledge
=776  08$iPrint version:$tFukushi kokka
=830  \0$6880-05$aBunko kuseju$v837.
=856  40$3JapanKnowledge$uhttp://japanknowledge.com/lib/display/?lid=8021008370000$yJapanKnowledge Lib
=880  10$6245-01/{dollar}1$a福祉国家 /$cフランソワ=グザヴィエ・メリアン著 ; 石塚秀雄訳.
=880  \1$6264-02/{dollar}1$a東京 :$b白水社,$c2001.
=880  1\$6490-03/{dollar}1$a文庫クセジュ ;$v837
=880  1\$6700-04/{dollar}1$a石塚, 秀雄,$d1948-
=880  \0$6830-05/{dollar}1$a文庫クセジュ ;$v837.
=859  \\$aORR$bJapanKnowledge
=CAT  \\$aW1704-1242$b00$c20170509$lBLL01$h0927
=CAT  \\$aBATCH-UPD$b00$c20170509$lBLL01$h0930
=CAT  \\$aW2003-0365$c20200305$lBLL01$h1101
=FIN  \\$aY$d20170509
=SID  \\$aZ30$bOCLC
=SRC  \\$aJapanKnowledge_2017$bJK_OCLC20170203.mrc
=LAS  \\$aW2003-0365$b00$c20200305$lBLL01$h1101

