=LDR  02348 am a22005897a 4500
=001  018337852
=003  Uk
=005  20170106042835.0
=006  m\\\\\o\\d\\\\\\\\
=007  cr\unu---uuaua
=008  090131s1969\\\\ja\\\\\\o\\\\\000\0\jpn\d
=FMT  \\$a  BK
=019  \\$a608390754
=035  \\$a(OCoLC)300802472$z(OCoLC)608390754
=040  \\$aOCLCE$beng$cOCLCE$dOCLCQ$dCUS$dOCLCQ$dOCLCO$dOCLCQ$dOCLCF$dYUS$dOCLCO$dYUS$dOCLCQ$dYUS$dOCLCO$dUk$epn
=042  \\$adlr
=043  \\$aa-ja---
=050  \4$aDS896.64$b.M6
=100  1\$6880-01$aMori, Senzō,$d1895-1985
=245  10$6880-02$aMeiji Tōkyō itsubun shi /$cMori Senzō cho.
=246  3\$aMeiji Tōkyō itsubunshi
=250  \\$6880-03$aShohan.
=260  \\$6880-04$aTōkyō :$bHeibonsha,$cShōwa 44 [1969]
=300  \\$a1 online resource (2 volumes).
=336  \\$atext$btxt$2rdacontent
=337  \\$acomputer$bc$2rdamedia
=338  \\$aonline resource$bcr$2rdacarrier
=490  1\$6880-05$aTōyō bunko ;$v135, 142
=588  0\$aPrint version record.
=651  \0$aTokyo (Japan)$xHistory.
=651  \7$aJapan$zTokyo.$2fast$0(OCoLC)fst01204835
=655  \7$aHistory.$2fast$0(OCoLC)fst01411628
=773  0\$tJapanKnowledge
=776  08$iPrint version:$aMori, Senzō, 1895-1985.$tMeiji Tōkyō itsubun shi.$dTōkyō : Heibonsha, Shōwa 44 [1969]
=830  \0$6880-06$aTōyō bunko$v135, 142.
=856  40$3JapanKnowledge Volume 1$uhttp://japanknowledge.com/lib/display/?lid=80010V0135P0002$yJapanKnowledge Lib
=856  40$3JapanKnowledge Volume 2$uhttp://japanknowledge.com/lib/display/?lid=80010V0142P0002$yJapanKnowledge Lib
=880  1\$6100-01/{dollar}1$a森銑三,$d1895-1985.
=880  10$6245-02/{dollar}1$a明治東京逸聞史 /$c森銑三著.
=880  \\$6250-03/{dollar}1$a初版.
=880  \\$6260-04/{dollar}1$a東京 :$b平凡社,$c昭和44 [1969]
=880  1\$6490-05/{dollar}1$a東洋文庫 ;$v135, 142
=880  \0$6830-06/{dollar}1$a東洋文庫 ;$v135, 142.
=859  \\$aORR$bJapanKnowledge
=CAT  \\$aW1704-1242$b00$c20170509$lBLL01$h0927
=CAT  \\$aBATCH-UPD$b00$c20170509$lBLL01$h0930
=CAT  \\$aBATCH-UPD$b00$c20170509$lBLL01$h0938
=CAT  \\$aW2003-0365$c20200305$lBLL01$h1101
=FIN  \\$aY$d20170509
=SID  \\$aZ30$bOCLC
=SRC  \\$aJapanKnowledge_2017$bJK_OCLC20170203.mrc
=LAS  \\$aW2003-0365$b00$c20200305$lBLL01$h1101

