=LDR  02411 am a22006137a 4500
=001  018337853
=003  Uk
=005  20170106042836.0
=006  m\\\\\o\\d\\\\\\\\
=007  cr\|||||||||||
=008  100630s1963\\\\ja\a\\\\ob\\\\000\1\jpn\d
=FMT  \\$a  BK
=019  \\$a301030860
=035  \\$a(OCoLC)645450668$z(OCoLC)301030860
=040  \\$aOCLCE$beng$cOCLCE$dCUS$dOCLCQ$dOCLCF$dYUS$dOCLCO$dYUS$dOCLCO$dOCLCQ$dYUS$dOCLCO$dUk$epn
=041  1\$ajpn$hsan
=042  \\$adlr
=050  \4$aPK3741.S86$b.J32 1963
=130  0\$aŚukasaptati.$lJapanese.
=245  00$6880-01$aŌmu shichijūwa :$bIndo fūryūtan /$cTanaka Otoya yaku.
=246  15$aŚukasaptati, Textus ornatior
=246  3\$6880-02$aShukasaptati
=250  \\$6880-03$aShohan.
=260  \\$6880-04$aTōkyō :$bHeibonsha,$cShōwa 38 [1963]
=300  \\$a1 online resource (8, 368 pages) :$billustrations.
=336  \\$atext$btxt$2rdacontent
=337  \\$acomputer$bc$2rdamedia
=338  \\$aonline resource$bcr$2rdacarrier
=490  1\$6880-05$aTōyō bunko ;$v3
=504  \\$aIncludes bibliographical references (pages 355-358).
=588  0\$aPrint version record.
=650  \0$aSanskrit literature$vTranslations into Japanese.
=650  \7$aSanskrit literature.$2fast$0(OCoLC)fst01105239
=655  \7$aTranslations.$2fast$0(OCoLC)fst01423791
=700  1\$6880-06$aTanaka, Otoya.
=773  0\$tJapanKnowledge
=776  08$iPrint version:$aŚukasaptati. Japanese.$tŌmu shichijūwa.$bShohan.$dTōkyō : Heibonsha, Shōwa 38 [1963]
=830  \0$6880-07$aTōyō bunko$v3.
=856  40$3JapanKnowledge$uhttp://japanknowledge.com/lib/display/?lid=80010V0003P0002$yJapanKnowledge Lib
=880  00$6245-01/{dollar}1$a鸚鵡七十話 :$bインド風流譚 /$c田中於菟弥訳.
=880  3\$6246-02/{dollar}1$aシュカサプタティ
=880  \\$6250-03/{dollar}1$a初版.
=880  \\$6260-04/{dollar}1$a東京 :$b平凡社,$c昭和38 [1963]
=880  1\$6490-05/{dollar}1$a東洋文庫 ;$v3
=880  1\$6700-06/{dollar}1$a田中於菟弥.
=880  \0$6830-07/{dollar}1$a東洋文庫 ;$v3.
=859  \\$aORR$bJapanKnowledge
=CAT  \\$aW1704-1242$b00$c20170509$lBLL01$h0927
=CAT  \\$aBATCH-UPD$b00$c20170509$lBLL01$h0930
=CAT  \\$aW2003-0365$c20200305$lBLL01$h1101
=FIN  \\$aY$d20170509
=SID  \\$aZ30$bOCLC
=SRC  \\$aJapanKnowledge_2017$bJK_OCLC20170203.mrc
=LAS  \\$aW2003-0365$b00$c20200305$lBLL01$h1101

