=LDR  02303 am a22006014i 4500
=001  018337854
=003  Uk
=005  20170106042836.0
=006  m\\\\\o\\d\\\\\\\\
=007  cr\|||||||||||
=008  151112s1977\\\\ja\\\\\\ob\\\\000\0\jpn\d
=FMT  \\$a  BK
=020  \\$z4560056072
=020  \\$z9784560056073
=035  \\$a(OCoLC)928950294
=040  \\$aYUS$beng$cYUS$dOCLCO$dYUS$dOCLCO$dUk$erda$epn
=041  1\$ajpn$hfre
=050  \4$aBX320.2$b.C4163 1977
=100  1\$aClément, Olivier,$eauthor.
=240  10$aEglise orthodoxe.$lJapanese
=245  10$6880-01$aTōhō seikyōkai /$cOlivie · Kureman cho ; Hiyamuta Shūji ; Shiraishi Jirō kyōyaku.
=264  \1$6880-02$aTōkyō-to :$bHakusuisha,$c1977.
=300  \\$a1 online resource.
=336  \\$atext$btxt$2rdacontent
=337  \\$acomputer$bc$2rdamedia
=338  \\$aonline resource$bcr$2rdacarrier
=490  1\$6880-03$aBunko kuseju ;$v607
=500  \\$aTranslation of: L'Eglise orthodoxe by Presses Universitaires de France, originally published 1961.
=504  \\$aIncludes bibliographical references.
=588  \\$aDescription based on print version.
=610  20$aOrthodox Eastern Church.
=610  26$aÉglise orthodoxe.
=610  27$aOrthodox Eastern Church$2fast$0(OCoLC)fst00510210
=700  1\$6880-05$aHiyamuta, Shūji.
=700  1\$6880-06$aShiraishi, Jirō.
=773  0\$tJapanKnowledge
=776  08$iPrint version:$tTōhō seikyōkai
=830  \0$6880-07$aBunko kuseju$v607.
=856  40$3JapanKnowledge$uhttp://japanknowledge.com/lib/display/?lid=8021006070000$yJapanKnowledge Lib
=880  10$6245-01$a東方正敎会 /$cオリヴィエ · クレマン著 ; 冷牟田修二, 白石治朗共訳.
=880  \1$6264-02$a東京都 :$b白水社,$c1977.
=880  1\$6490-03$a文庫クセジュ ;$v607
=880  1\$6700-05$a冷牟田修二.
=880  1\$6700-06$a白石治朗.
=880  \0$6830-07$a文庫クセジュ ;$v607.
=859  \\$aORR$bJapanKnowledge
=CAT  \\$aW1704-1242$b00$c20170509$lBLL01$h0927
=CAT  \\$aBATCH-UPD$b00$c20170509$lBLL01$h0930
=CAT  \\$aW2003-0365$c20200305$lBLL01$h1101
=FIN  \\$aY$d20170509
=SID  \\$aZ30$bOCLC
=SRC  \\$aJapanKnowledge_2017$bJK_OCLC20170203.mrc
=LAS  \\$aW2003-0365$b00$c20200305$lBLL01$h1101

