=LDR  02053 am a22005534i 4500
=001  018337855
=003  Uk
=005  20170106042837.0
=006  m\\\\\o\\d\\\\\\\\
=007  cr\|||||||||||
=008  151113s1995\\\\ja\\\\\\o\\\\\000\0\jpn\d
=FMT  \\$a  BK
=020  \\$z4560057710
=020  \\$z9784560057711
=035  \\$a(OCoLC)929030599
=040  \\$aYUS$beng$cYUS$dYUS$dOCLCO$dOCLCF$dUk$erda$epn
=041  1\$ajpn$hfre
=245  00$6880-01$aKenchiku no rekishi /$cJan-Sharuru Morū cho ; Fujimoto Yasuo yaku.
=264  \1$6880-02$aTōkyō :$bHakusuisha,$c1995.
=300  \\$a1 online resource.
=336  \\$atext$btxt$2rdacontent
=337  \\$acomputer$bc$2rdamedia
=338  \\$aonline resource$bcr$2rdacarrier
=490  1\$6880-03$aBunko kuseju ;$v771
=588  \\$aDescription based on print version.
=650  \0$aArchitecture$xHistory.
=650  \7$aArchitecture.$2fast$0(OCoLC)fst00813346
=655  \7$aHistory.$2fast$0(OCoLC)fst01411628
=700  1\$6880-04$aFujimoto, Yasuo,$d1930-
=700  1\$aMoreux, Jean-Charles,$d1889-1956.
=730  0\$aHistoire de l'architecture.
=773  0\$tJapanKnowledge
=776  08$iPrint version:$tKenchiku no rekishi.
=830  \0$6880-05$aBunko kuseju$v771.
=856  40$3JapanKnowledge$uhttp://japanknowledge.com/lib/display/?lid=8021007710000$yJapanKnowledge Lib
=880  00$6245-01/{dollar}1$a建築の歴史 /$cジャン=シャルル・モルウ著 ; 藤本康雄訳.
=880  \1$6264-02/{dollar}1$a東京 :$b白水社,$c1995.
=880  1\$6490-03/{dollar}1$a文庫クセジュ ;$v771
=880  1\$6700-04/{dollar}1$a藤本康雄,$d1930-
=880  \0$6830-05/{dollar}1$a文庫クセジュ ;$v771.
=859  \\$aORR$bJapanKnowledge
=CAT  \\$aW1704-1242$b00$c20170509$lBLL01$h0927
=CAT  \\$aBATCH-UPD$b00$c20170509$lBLL01$h0930
=CAT  \\$aBATCH-UPD$b00$c20190609$lBLL01$h2034
=CAT  \\$aW2003-0365$c20200305$lBLL01$h1101
=FIN  \\$aY$d20170509
=SID  \\$aZ30$bOCLC
=SRC  \\$aJapanKnowledge_2017$bJK_OCLC20170203.mrc
=LAS  \\$aW2003-0365$b00$c20200305$lBLL01$h1101

