=LDR  02736 am a22006617a 4500
=001  018337856
=003  Uk
=005  20170106042837.0
=006  m\\\\\o\\d\\\\\\\\
=007  cr\|||||||||||
=008  100315s1965\\\\ja\abc\\o\\\\\000\0\jpn\d
=FMT  \\$a  BK
=020  \\$z4582800572
=020  \\$z9784582800579
=035  \\$a(OCoLC)556070047
=040  \\$aOCLCE$beng$cOCLCE$dOCLCQ$dCUS$dOCLCQ$dYUS$dOCLCO$dYUS$dOCLCO$dOCLCQ$dYUS$dOCLCO$dUk$epn
=041  1\$ajpn$hchi
=042  \\$adlr
=043  \\$aa-cc---
=050  \4$aPL2822.T8$bC4 1965
=084  \\$a923.7$2njb
=100  1\$6880-01$aWang, Duqing,$d1898-1940
=240  10$6880-02$aChang'an cheng zhong de shao nian.$lJapanese
=245  10$6880-03$aChōan jōchū no shōnen :$bShinmatsu hōken katei ni umarete /$cŌ Dokusei cho ; Tanaka Kenji yaku.
=246  3\$aChōanjōchū no shōnen
=250  \\$6880-04$aShohan.
=260  \\$6880-05$aTōkyō :$bHeibonsha,$c1965$g(1979 printing)
=300  \\$a1 online resource (199 pages) :$billustrations, map, portrait.
=336  \\$atext$btxt$2rdacontent
=337  \\$acomputer$bc$2rdamedia
=338  \\$aonline resource$bcr$2rdacarrier
=490  1\$6880-06$aTōyō bunko ;$v57
=588  0\$aPrint version record.
=600  10$6880-07.$aWang, Duqing,$d1898-1940$tChang'an cheng zhong de shao nian.
=700  1\$6880-08$aTanaka, Kenji,$d1912-2002
=773  0\$tJapanKnowledge
=776  08$iPrint version:$aWang, Duqing, 1898-1940.$sChang'an cheng zhong de shao nian. Japanese.$tChōan jōchū no shōnen.$bShohan.$dTōkyō : Heibonsha, 1965
=830  \0$6880-09$aTōyō bunko$v57.
=856  40$3JapanKnowledge$uhttp://japanknowledge.com/lib/display/?lid=80010V0057P0002$yJapanKnowledge Lib
=880  1\$6100-01/{dollar}1$a王独清,$d1898-1940.
=880  10$6240-02/{dollar}1$a長安城中的少年.$lJapanese
=880  10$6245-03/{dollar}1$a長安城中の少年 :$b清末封建家庭に生れて /$c王独清著 ; 田中謙二訳.
=880  \\$6250-04/{dollar}1$a初版.
=880  \\$6260-05/{dollar}1$a東京 :$b平凡社,$c1965$g(1979 printing)
=880  1\$6490-06/{dollar}1$a東洋文庫 ;$v57
=880  14$6600-07/{dollar}1$a王独清,$d1898-1940.$t長安城中的少年.
=880  1\$6700-08/{dollar}1$a田中謙二,$d1912-
=880  \0$6830-09/{dollar}1$a東洋文庫 ;$v57.
=859  \\$aORR$bJapanKnowledge
=CAT  \\$aW1704-1242$b00$c20170509$lBLL01$h0927
=CAT  \\$aBATCH-UPD$b00$c20170509$lBLL01$h0930
=CAT  \\$aBATCH-UPD$b00$c20170509$lBLL01$h0938
=CAT  \\$a9572$b40$c20190513$lBLL01$h1422
=CAT  \\$aW2003-0365$c20200305$lBLL01$h1101
=FIN  \\$aY$d20170509
=SID  \\$aZ30$bOCLC
=SRC  \\$aJapanKnowledge_2017$bJK_OCLC20170203.mrc
=LAS  \\$aW2003-0365$b00$c20200305$lBLL01$h1101

