=LDR  02488 am a22006137a 4500
=001  018337857
=003  Uk
=005  20170106042838.0
=006  m\\\\\o\\d\\\\\\\\
=007  cr\|||||||||||
=008  100608s1971\\\\ja\cf\\\ob\\\\000\0\jpn\d
=FMT  \\$a  BK
=019  \\$a300750131
=035  \\$a(OCoLC)639456188$z(OCoLC)300750131
=040  \\$aOCLCE$beng$cOCLCE$dOCLCO$dOCLCQ$dOCLCO$dCUS$dOCLCQ$dOCLCF$dOCLCA$dYUS$dOCLCO$dYUS$dOCLCO$dOCLCQ$dYUS$dOCLCO$dUk$epn
=042  \\$adlr
=050  \4$aPL799.K27$bZ7
=100  1\$6880-01$aFujikawa, Hideo,$d1909-2003
=245  10$6880-02$aKan Sazan to Rai San'yō /$cFujikawa Hideo cho.
=246  3\$aKan Chazan to Rai San'yō
=250  \\$6880-03$aShohan.
=260  \\$6880-04$aTōkyō :$bHeibonsha,$cShōwa 46 [1971]
=300  \\$a1 online resource (263 pages, [2] pages of plates) :$bportraits.
=336  \\$atext$btxt$2rdacontent
=337  \\$acomputer$bc$2rdamedia
=338  \\$aonline resource$bcr$2rdacarrier
=490  1\$6880-05$aTōyō bunko ;$v195
=504  \\$aIncludes bibliographical references (pages 242-243).
=588  0\$aPrint version record.
=600  10$6880-06$aKan, Sazan,$d1748-1827
=600  10$6880-07$aRai, San'yō,$d1780-1832
=600  17$aKan, Sazan,$d1748-1827$2fast$0(OCoLC)fst00078373
=600  17$aRai, San'yō,$d1780-1832$2fast$0(OCoLC)fst00068600
=773  0\$tJapanKnowledge
=776  08$iPrint version:$aFujikawa, Hideo, 1909-$tKan Sazan to Rai San'yō.$bShohan.$dTōkyō : Heibonsha, Shōwa 46 [1971]
=830  \0$6880-08$aTōyō bunko$v195.
=856  40$3JapanKnowledge$uhttp://japanknowledge.com/lib/display/?lid=80010V0195P0003$yJapanKnowledge Lib
=880  1\$6100-01/{dollar}1$a富士川英郎,$d1909-
=880  10$6245-02/{dollar}1$a菅茶山と頼山陽 /$c富士川英郎著.
=880  \\$6250-03/{dollar}1$a初版.
=880  \\$6260-04/{dollar}1$a東京 :$b平凡社,$c昭和46 [1971]
=880  1\$6490-05/{dollar}1$a東洋文庫 ;$v195
=880  14$6600-06/{dollar}1$a菅茶山,$d1748-1827.
=880  14$6600-07/{dollar}1$a頼山陽,$d1780-1832.
=880  \0$6830-08/{dollar}1$a東洋文庫 ;$v195.
=859  \\$aORR$bJapanKnowledge
=CAT  \\$aW1704-1242$b00$c20170509$lBLL01$h0927
=CAT  \\$aBATCH-UPD$b00$c20170509$lBLL01$h0930
=CAT  \\$aBATCH-UPD$b00$c20170509$lBLL01$h0938
=CAT  \\$aW2003-0365$c20200305$lBLL01$h1101
=FIN  \\$aY$d20170509
=SID  \\$aZ30$bOCLC
=SRC  \\$aJapanKnowledge_2017$bJK_OCLC20170203.mrc
=LAS  \\$aW2003-0365$b00$c20200305$lBLL01$h1101

