=LDR  02060 am a22005294i 4500
=001  018337858
=003  Uk
=005  20170106042838.0
=006  m\\\\\o\\d\\\\\\\\
=007  cr\|||||||||||
=008  151113s2005\\\\ja\\\\\\o\\\\\000\0\jpn\d
=FMT  \\$a  BK
=020  \\$z4560508933
=020  \\$z9784560508930
=035  \\$a(OCoLC)929030748
=040  \\$aYUS$beng$cYUS$dYUS$dOCLCO$dOCLCF$dUk$erda$epn
=041  1\$ajpn$hfre
=100  1\$aLebrun, Marc,$eauthor.
=240  10$aInterpol.$lJapanese
=245  10$6880-01$aIntāpōru :$bKokusai Keiji Keisatsu Kikō no rekishi to katsudō /$cMaruku Ruburan cho ; Kitaura Haruka yaku.
=264  \1$6880-02$aTōkyō :$bHakusuisha,$c2005.
=300  \\$a1 online resource.
=336  \\$atext$btxt$2rdacontent
=337  \\$acomputer$bc$2rdamedia
=338  \\$aonline resource$bcr$2rdacarrier
=490  1\$6880-03$aBunko kuseju ;$v893
=588  \\$aDescription based on print version.
=610  20$aInternational Criminal Police Organization.
=610  27$aInternational Criminal Police Organization$2fast$0(OCoLC)fst00546947
=700  1\$6880-04$aKitaura, Haruka,$d1974-
=773  0\$tJapanKnowledge
=776  08$iPrint version:$tIntāpōru
=830  \0$6880-05$aBunko kuseju$v893.
=856  40$3JapanKnowledge$uhttp://japanknowledge.com/lib/display/?lid=8021008930000$yJapanKnowledge Lib
=880  10$6245-01/{dollar}1$aインターポール :$b国際刑事警察機構の歴史と活動 /$cマルク・ルブラン著 ; 北浦春香訳.
=880  \1$6264-02/{dollar}1$a東京 :$b白水社,$c2005.
=880  1\$6490-03/{dollar}1$a文庫クセジュ ;$v893
=880  1\$6700-04/{dollar}1$a北浦春香,$d1974-
=880  \0$6830-05/{dollar}1$a文庫クセジュ ;$v893.
=859  \\$aORR$bJapanKnowledge
=CAT  \\$aW1704-1242$b00$c20170509$lBLL01$h0927
=CAT  \\$aBATCH-UPD$b00$c20170509$lBLL01$h0930
=CAT  \\$aW2003-0365$c20200305$lBLL01$h1101
=FIN  \\$aY$d20170509
=SID  \\$aZ30$bOCLC
=SRC  \\$aJapanKnowledge_2017$bJK_OCLC20170203.mrc
=LAS  \\$aW2003-0365$b00$c20200305$lBLL01$h1101

