=LDR  02569 am a22006017  4500
=001  018337859
=003  Uk
=005  20170106042838.0
=006  m\\\\\o\\d\\\\\\\\
=007  cr\|||||||||||
=008  100420r19731939ja\\\\\\o\\\\\000\0\jpn\d
=FMT  \\$a  BK
=019  \\$a300492707$a608391589
=035  \\$a(OCoLC)608391588$z(OCoLC)300492707$z(OCoLC)608391589
=040  \\$aOCLCE$beng$cOCLCE$dOCLCQ$dCUS$dOCLCQ$dOCLCF$dYUS$dOCLCO$dYUS$dOCLCO$dOCLCQ$dOCLCO$dYUS$dOCLCO$dUk$epn
=042  \\$adlr
=043  \\$aa-ja---
=050  \4$aDS895.R94$bI18 1973
=100  1\$6880-01$aIha, Fuyū,$d1876-1947
=245  10$6880-02$aOnarigami no shima$cIha Fuyū cho.
=250  \\$6880-03$aShohan.
=260  \\$6880-04$aTōkyō,$bHeibonsha,$cShōwa 48 [1973]
=300  \\$a1 online resource (2 volumes).
=336  \\$atext$btxt$2rdacontent
=337  \\$acomputer$bc$2rdamedia
=338  \\$aonline resource$bcr$2rdacarrier
=490  1\$6880-05$aTōyō bunkō,$v227, 232
=505  0\$6880-06$a[1] Onarigami no shima -- [2] Onarigami no shima zokuhen, Nihon bunka no nanzen.
=588  0\$aPrint version record.
=650  \7$aManners and customs.$2fast$0(OCoLC)fst01007815
=651  \0$aRyukyu Islands$xSocial life and customs.
=651  \7$aJapan$zRyukyu Islands.$2fast$0(OCoLC)fst01207168
=773  0\$tJapanKnowledge
=776  08$iPrint version:$aIha, Fuyū, 1876-1947.$tOnarigami no shima.$bShohan.$dTōkyō, Heibonsha, Shōwa 48 [1973]
=830  \0$6880-07$aTōyō bunko$v227, etc.
=856  40$3JapanKnowledge Volume 1$uhttp://japanknowledge.com/lib/display/?lid=80010V0227P0002$yJapanKnowledge Lib
=856  40$3JapanKnowledge Volume 2$uhttp://japanknowledge.com/lib/display/?lid=80010V0232P0002$yJapanKnowledge Lib
=880  1\$6100-01/{dollar}1$a伊波普猷,$d1876-1947.
=880  10$6245-02/{dollar}1$aをなり神の島$c伊波普猷著.
=880  \\$6250-03/{dollar}1$a初版.
=880  \\$6260-04/{dollar}1$a東京,$b平凡社,$c昭和48 [1973]
=880  1\$6490-05/{dollar}1$a東洋文庫,$v227, 232
=880  0\$6505-06/{dollar}1$a[1] をなり神の島 -- [2] をなり神の島續篇.日本文化の南漸.
=880  \0$6830-07/{dollar}1$a東洋文庫 ;$v227, etc.
=859  \\$aORR$bJapanKnowledge
=CAT  \\$aW1704-1242$b00$c20170509$lBLL01$h0927
=CAT  \\$aBATCH-UPD$b00$c20170509$lBLL01$h0930
=CAT  \\$aBATCH-UPD$b00$c20170509$lBLL01$h0938
=CAT  \\$aW2003-0365$c20200305$lBLL01$h1101
=FIN  \\$aY$d20170509
=SID  \\$aZ30$bOCLC
=SRC  \\$aJapanKnowledge_2017$bJK_OCLC20170203.mrc
=LAS  \\$aW2003-0365$b00$c20200305$lBLL01$h1101

