=LDR  02330 am a22005774i 4500
=001  018337860
=003  Uk
=005  20170106042839.0
=006  m\\\\\o\\d\\\\\\\\
=007  cr\|||||||||||
=008  151113s1991\\\\ja\\\\\\ob\\\\001\0\jpn\d
=FMT  \\$a  BK
=020  \\$z4560057249
=020  \\$z9784560057247
=035  \\$a(OCoLC)929028993
=040  \\$aSTF$beng$cYUS$dOCLCO$dYUS$dOCLCO$dOCLCF$dUk$erda$epn
=041  1\$ajpn$hfre
=050  \4$aDK511.B3$bL67163 1991
=100  1\$aLorot, Pascal,$eauthor.
=240  10$aLes pays baltes.$lJapanese
=245  10$6880-01$aBaruto sangoku /$cPasukaru Roro ; Isomi Tatsunori yaku.
=264  \1$6880-02$aTōkyō :$bHakusuisha,$c1991.
=300  \\$a1 online resource.
=336  \\$atext$btxt$2rdacontent
=337  \\$acomputer$bc$2rdamedia
=338  \\$aonline resource$bcr$2rdacarrier
=490  1\$6880-03$aBunko kuseju ;$v724
=504  \\$aIncludes bibliographical references (pages 10-11 (2nd group)) and index.
=588  \\$aDescription based on print version record.
=651  \0$aBaltic States.
=651  \7$aBaltic States.$2fast$0(OCoLC)fst01241546
=700  1\$6880-04,$aIsomi, Tatsunori,$d1928-$etranslator.
=773  0\$tJapanKnowledge
=776  08$6880-05$iPrint version:$aLorot, Pascal.$sLes pays baltes. Japanese.$tBaruto sangoku.$dTōkyō : Hakusuisha, 1991
=830  \0$6880-06$aBunko kuseju$v724.
=856  40$3JapanKnowledge$uhttp://japanknowledge.com/lib/display/?lid=8021007240000$yJapanKnowledge Lib
=880  10$6245-01$aバルト三国 /$cパスカル・ロロ ; 磯見辰典訳.
=880  \1$6264-02$a東京 :$b白水社,$c1991.
=880  1\$6490-03$a文庫クセジュ ;$v724
=880  1\$6700-04$a磯見辰典,$d1928-$etranslator.
=880  08$6776-05$iPrint version:$aLorot, Pascal.$sLes pays baltes. Japanese.$tバルト三国.$d東京 : 白水社, 1991$w(OCoLC)33752588
=880  \0$6830-06$a文庫クセジュ ;$v724.
=859  \\$aORR$bJapanKnowledge
=CAT  \\$aW1704-1242$b00$c20170509$lBLL01$h0927
=CAT  \\$aBATCH-UPD$b00$c20170509$lBLL01$h0930
=CAT  \\$aBATCH-UPD$b00$c20170509$lBLL01$h0938
=CAT  \\$aW2003-0365$c20200305$lBLL01$h1101
=FIN  \\$aY$d20170509
=SID  \\$aZ30$bOCLC
=SRC  \\$aJapanKnowledge_2017$bJK_OCLC20170203.mrc
=LAS  \\$aW2003-0365$b00$c20200305$lBLL01$h1101

