=LDR  02783 am a22007217a 4500
=001  018337861
=003  Uk
=005  20170106042839.0
=006  m\\\\\o\\d\\\\\\\\
=007  cr\|||||||||||
=008  100315s1965\\\\ja\\\\\\o\\\\\000\0\jpn\d
=FMT  \\$a  BK
=019  \\$a297782242
=020  \\$z4582800483
=020  \\$z9784582800487
=035  \\$a(OCoLC)555894579$z(OCoLC)297782242
=040  \\$aOCLCE$beng$cOCLCE$dOCLCQ$dCUS$dOCLCQ$dOCLCO$dOCLCF$dYUS$dOCLCO$dYUS$dOCLCO$dOCL$dOCLCQ$dYUS$dOCLCO$dUk$epn
=041  1\$ajpn$hchi
=042  \\$adlr
=043  \\$aa-cc---
=050  \4$aAC145$b.T6V.48
=050  \4$aPL2698.C8$bJ53163 1965
=100  1\$6880-01$aQu, You,$d1341-1427
=240  10$6880-02$aJian deng xin hua.$lJapanese
=245  10$6880-03$aSentō shinwa /$cKu Yū saku ; Iizuka Akira yaku.
=250  \\$6880-04$aShohan.
=260  \\$6880-05$aTōkyō :$bHeibonsha,$cShōwa 40 [1965]
=300  \\$a1 online resource (3, 289 pages).
=336  \\$atext$btxt$2rdacontent
=337  \\$acomputer$bc$2rdamedia
=338  \\$aonline resource$bcr$2rdacarrier
=490  1\$6880-06$aTōyō bunko ;$v48
=500  \\$6880-07$aTranslation of: Jian deng xin hua.
=588  0\$aPrint version record.
=648  \7$a1368-1644$2fast
=650  \0$aChinese fiction$zChina$xHistory$yMing dynasty, 1368-1644.
=650  \7$aChinese fiction$xMing dynasty.$2fast$0(OCoLC)fst01906858
=651  \7$aChina.$2fast$0(OCoLC)fst01206073
=655  \7$aHistory.$2fast$0(OCoLC)fst01411628
=700  1\$6880-08$aIizuka, Akira,$d1907-
=773  0\$tJapanKnowledge
=776  08$iPrint version:$aQu, You, 1341-1427.$sJian deng xin hua. Japanese.$tSentō shinwa.$bShohan.$dTōkyō : Heibonsha, Shōwa 40 [1965]
=830  \0$6880-09$aTōyō bunko$v48.
=856  40$3JapanKnowledge$uhttp://japanknowledge.com/lib/display/?lid=80010V0048P0002$yJapanKnowledge Lib
=880  1\$6100-01/{dollar}1$a瞿佑,$d1341-1427.
=880  10$6240-02/{dollar}1$a剪燈新話.$lJapanese
=880  10$6245-03/{dollar}1$a剪燈新話 /$c瞿佑作 ; 飯塚朗訳.
=880  \\$6250-04/{dollar}1$a初版.
=880  \\$6260-05/{dollar}1$a東京 :$b平凡社,$c昭和40 [1965]
=880  1\$6490-06/{dollar}1$a東洋文庫 ;$v48
=880  \\$6500-07/{dollar}1$aTranslation of: 剪燈新話.
=880  1\$6700-08/{dollar}1$a飯塚朗,$d1907-
=880  0\$6740-00/{dollar}1$a剪燈新話.
=880  \0$6830-09/{dollar}1$a東洋文庫 ;$v48.
=859  \\$aORR$bJapanKnowledge
=CAT  \\$aW1704-1242$b00$c20170509$lBLL01$h0927
=CAT  \\$aBATCH-UPD$b00$c20170509$lBLL01$h0930
=CAT  \\$aBATCH-UPD$b00$c20170509$lBLL01$h0938
=CAT  \\$aW2003-0365$c20200305$lBLL01$h1101
=FIN  \\$aY$d20170509
=SID  \\$aZ30$bOCLC
=SRC  \\$aJapanKnowledge_2017$bJK_OCLC20170203.mrc
=LAS  \\$aW2003-0365$b00$c20200305$lBLL01$h1101

