=LDR  02061 am a22005414i 4500
=001  018337862
=003  Uk
=005  20170106042840.0
=006  m\\\\\o\\d\\\\\\\\
=007  cr\|||||||||||
=008  151117s1998\\\\ja\\\\\go\\\\\000\0\jpnod
=FMT  \\$a  BK
=020  \\$z4560058024
=020  \\$z9784560058022
=035  \\$a(OCoLC)929688456
=040  \\$aWTU$beng$cYUS$dOCLCO$dYUS$dOCLCO$dOCLCF$dUk$erda$epn
=041  1\$ajpn$hfre
=100  1\$aGros, Frédéric,$eauthor.
=240  10$aMichel Foucault.$lJapanese
=245  10$6880-01$aMisheru Fūkō /$cFurederikku Guro cho ; Tsuyuzaki Toshikazu yaku.
=264  \1$6880-02$aTōkyō :$bHakusuisha.$c1998.
=300  \\$a1 online resource.
=336  \\$atext$btxt$2rdacontent
=337  \\$acomputer$bc$2rdamedia
=338  \\$aonline resource$bcr$2rdacarrier
=490  1\$6880-03$aBunko Kuseju ;$v802
=588  \\$aDescription based on print version.
=600  10$aFoucault, Michel,$d1926-1984.
=600  17$aFoucault, Michel,$d1926-1984$2fast$0(OCoLC)fst01427415
=700  1\$6880-04$aTsuyuzaki, Toshikazu,$d1955-$etranslator.
=700  1\$iTranslation of:$aGros, Frédéric.$tMichel Foucault.
=773  0\$tJapanKnowledge
=776  08$iPrint version:$tMishieru fūkō
=830  \0$6880-05$aBunko kuseju$v802.
=856  40$3JapanKnowledge$uhttp://japanknowledge.com/lib/display/?lid=8021008020000$yJapanKnowledge Lib
=880  10$6245-01$aミシェル・フーコー /$cフレデリック・グロ著 ; 露崎俊和訳.
=880  \1$6264-02$a東京 :$b白水社,$c1998.
=880  1\$6490-03$a文庫クセジュ ;$v802
=880  1\$6700-04$a露崎俊和,$d1955-$etranslator.
=880  \0$6830-05$a文庫クセジュ ;$v802.
=859  \\$aORR$bJapanKnowledge
=CAT  \\$aW1704-1242$b00$c20170509$lBLL01$h0927
=CAT  \\$aBATCH-UPD$b00$c20170509$lBLL01$h0930
=CAT  \\$aW2003-0365$c20200305$lBLL01$h1101
=FIN  \\$aY$d20170509
=SID  \\$aZ30$bOCLC
=SRC  \\$aJapanKnowledge_2017$bJK_OCLC20170203.mrc
=LAS  \\$aW2003-0365$b00$c20200305$lBLL01$h1101

