=LDR  04069 am a22008774i 4500
=001  018337863
=003  Uk
=005  20170106042840.0
=006  m\\\\\o\\d\\\\\\\\
=007  cr\|||||||||||
=008  151112s2002\\\\ja\ab\\\ob\\\\001\f\jpn\d
=FMT  \\$a  BK
=020  \\$z4096580414
=020  \\$z9784096580417
=035  \\$a(OCoLC)928950384
=040  \\$aYUS$beng$cYUS$dOCLCO$dYUS$dOCL$dYUS$dOCLCO$dUk$erda$epn
=043  \\$aa-ja---
=050  \4$aPL790$b.S56 2002
=245  00$6880-01$aShōmonki.$bMutsu waki. Hōgen monogatari. Heiji monogatari /$ckōchū, yaku Yanase Kiyoshi [and others].
=246  3\$6880-02$aShōmonki. Mutsu waki. Hōgen monogatari. Heiji monogatari
=264  \1$6880-03$aTōkyō :$bShōgakkan,$c2002.
=300  \\$a1 online resource.
=336  \\$atext$btxt$2rdacontent
=337  \\$acomputer$bc$2rdamedia
=338  \\$aonline resource$bcr$2rdacarrier
=490  1\$6880-04$aShinpen Nihon koten bungaku zenshū ;$v41
=504  \\$aIncludes bibliographical references and index.
=505  00$6880-05$tShōmon ki --$tMutsu waki --$tHōgen monogatari --$tHeiji monogatari.
=588  \\$aDescription based on print version.
=600  10$6880-06$aTaira, Masakado,$d903 or 904-940
=600  17$aTaira, Masakado,$d903 or 904-940$2fast$0(OCoLC)fst01850062
=611  27$aEarlier Nine Years' War (Japan : 1051-1062)$2fast$0(OCoLC)fst01352807
=611  27$aHōgen and Heiji Insurrections (Japan : 1156-1159)$2fast$0(OCoLC)fst01353257
=611  27$aTengyō Revolt (Japan : 938-940)$2fast$0(OCoLC)fst01355133
=648  \7$a938-1159$2fast
=650  \0$aHistorical fiction, Japanese.
=650  \7$aHistorical fiction, Japanese.$2fast$0(OCoLC)fst00958058
=651  \0$aJapan$xHistory$yEarlier Nine Years' War, 1051-1062$vFiction.
=651  \0$aJapan$xHistory$yHōgen and Heiji Insurrections, 1156-1159$vFiction.
=651  \0$aJapan$xHistory$yTengyō Revolt, 938-940.
=651  \7$aJapan.$2fast$0(OCoLC)fst01204082
=655  \7$aFiction.$2fast$0(OCoLC)fst01423787
=655  \7$aHistory.$2fast$0(OCoLC)fst01411628
=700  1\$6880-07$aYanase, Kiyoshi,$d1939-
=730  02$6880-08$aMutsu waki
=730  02$6880-09$aHōgen monogatari
=730  02$6880-10$aHeiji monogatari
=773  0\$tJapanKnowledge
=776  08$iPrint version:$tShōmonki
=830  \0$6880-11$aShinpen Nihon koten bungaku zenshū$v41.
=856  40$3JapanKnowledge Volume 4$uhttp://japanknowledge.com/lib/display/?lid=80110V00410407$yJapanKnowledge Lib
=856  40$3JapanKnowledge Volume 1$uhttp://japanknowledge.com/lib/display/?lid=80110V00410013$yJapanKnowledge Lib
=856  40$3JapanKnowledge Volume 2$uhttp://japanknowledge.com/lib/display/?lid=80110V00410131$yJapanKnowledge Lib
=856  40$3JapanKnowledge Volume 3$uhttp://japanknowledge.com/lib/display/?lid=80110V00410211$yJapanKnowledge Lib
=880  00$6245-01/{dollar}1$a将門記.$b陸奥話記. 保元物語. 平治物語 /$c校注・訳柳瀬喜代志 [and others].
=880  3\$6246-02/{dollar}1$a将門記. 陸奥話記. 保元物語. 平治物語
=880  \1$6264-03/{dollar}1$a東京 :$b小学館,$c2002.
=880  1\$6490-04/{dollar}1$a新編日本古典文学全集 ;$v41
=880  00$6505-05/{dollar}1$t将門記 --$t陸奥話記 --$t保元物語 --$t平治物語.
=880  14$6600-06/{dollar}1$a平将門,$d903 or 904-940.
=880  1\$6700-07/{dollar}1$a柳瀬喜代志,$d1939-
=880  02$6730-08/{dollar}1$a陸奥話記.
=880  02$6730-09/{dollar}1$a保元物語.
=880  02$6730-10/{dollar}1$a平治物語.
=880  \0$6830-11/{dollar}1$a新編日本古典文学全集 ;$v41.
=859  \\$aORR$bJapanKnowledge
=CAT  \\$aW1704-1242$b00$c20170509$lBLL01$h0927
=CAT  \\$aBATCH-UPD$b00$c20170509$lBLL01$h0930
=CAT  \\$aBATCH-UPD$b00$c20170509$lBLL01$h0938
=CAT  \\$aW2003-0365$c20200305$lBLL01$h1101
=CAT  \\$aBATCH-UPD$b00$c20200716$lBLL01$h2027
=CAT  \\$aBATCH-UPD$b00$c20200918$lBLL01$h2045
=FIN  \\$aY$d20170509
=SID  \\$aZ30$bOCLC
=SRC  \\$aJapanKnowledge_2017$bJK_OCLC20170203.mrc
=LAS  \\$aBATCH-UPD$b00$c20200918$lBLL01$h2045

