=LDR  02508 am a22006017i 4500
=001  018337864
=003  Uk
=005  20170106042841.0
=006  m\\\\\o\\d\\\\\\\\
=007  cr\|||||||||||
=008  100608s1977\\\\ja\cf\\\ob\\\\000\0ajpn\d
=FMT  \\$a  BK
=019  \\$a301126711
=035  \\$a(OCoLC)639295683$z(OCoLC)301126711
=040  \\$aOCLCE$beng$cOCLCE$dCUS$dOCLCQ$dOCLCO$dOCLCA$dYUS$dOCLCO$dYUS$dOCLCO$dOCLCQ$dYUS$dOCLCO$dUk$epn
=042  \\$adlr
=043  \\$aa-ja---$ae-ne---
=050  \4$aDS881.5.A4$bA33
=100  1\$6880-01$aAkamatsu, Noriyoshi,$d1841-1920.
=245  10$6880-02$aAkamatsu Noriyoshi hanseidan :$bbakumatsu Oranda ryūgaku no kiroku /$cAkamatsu Han'ichi henchū.
=260  \\$6880-03$aTōkyō :$bHeibonsha,$cShōwa 52 [1977]
=300  \\$a1 online resource (v, 313 pages, [1] leaf of plates) :$bportrait.
=336  \\$atext$btxt$2rdacontent
=337  \\$acomputer$bc$2rdamedia
=338  \\$aonline resource$bcr$2rdacarrier
=490  1\$6880-04$aTōyō bunko ;$v317
=504  \\$aIncludes bibliographical references (pages 308-313).
=588  0\$aPrint version record.
=600  10$6880-05$aAkamatsu, Noriyoshi,$d1841-1920.
=650  \0$aStatesmen$zJapan$vBiography.
=650  \0$aJapanese students$zNetherlands.
=651  \0$aJapan$xForeign relations$y1868-1912.
=700  1\$6880-06$aAkamatsu, Han'ichi,$d1870-1945.
=773  0\$tJapanKnowledge
=776  08$iPrint version:$aAkamatsu, Noriyoshi, 1841-1920.$tAkamatsu Noriyoshi hanseidan.$dTōkyō : Heibonsha, Shōwa 52 [1977]
=830  \0$6880-07$aTōyō bunko$v317.
=856  40$3JapanKnowledge$uhttp://japanknowledge.com/lib/display/?lid=80010V0317P0002$yJapanKnowledge Lib
=880  1\$6100-01/{dollar}1$a赤松則良,$d1841-1920.
=880  10$6245-02/{dollar}1$a赤松則良半生談 :$b幕末オランダ留学の記錄 /$c赤松範一編注.
=880  \\$6260-03/{dollar}1$a東京 :$b平凡社,$c昭和52 [1977]
=880  \\$6250-00/{dollar}1$a初版.
=880  1\$6490-04/{dollar}1$a東洋文庫 ;$v317
=880  14$6600-05/{dollar}1$a赤松則良,$d1841-1920.
=880  1\$6700-06/{dollar}1$a赤松範一,$d1870-1945.
=880  \0$6830-07/{dollar}1$a東洋文庫 ;$v317.
=859  \\$aORR$bJapanKnowledge
=CAT  \\$aW1704-1242$b00$c20170509$lBLL01$h0927
=CAT  \\$aBATCH-UPD$b00$c20170509$lBLL01$h0930
=CAT  \\$aW2003-0365$c20200305$lBLL01$h1101
=FIN  \\$aY$d20170509
=SID  \\$aZ30$bOCLC
=SRC  \\$aJapanKnowledge_2017$bJK_OCLC20170203.mrc
=LAS  \\$aW2003-0365$b00$c20200305$lBLL01$h1101

