=LDR  02609 am a22006257a 4500
=001  018337865
=003  Uk
=005  20170106042842.0
=006  m\\\\\o\\d\\\\\\\\
=007  cr\|||||||||||
=008  100519s1976\\\\ja\a\\\\o\\\\\000\0\jpn\d
=FMT  \\$a  BK
=019  \\$a298011991$a798524197
=035  \\$a(OCoLC)622919353$z(OCoLC)298011991$z(OCoLC)798524197
=040  \\$aOCLCE$beng$cOCLCE$dCUS$dOCLCQ$dOCLCO$dOCLCF$dOCLCQ$dOCLCO$dYUS$dOCLCO$dYUS$dOCLCO$dOCLCQ$dOCLCO$dYUS$dOCLCO$dUk$epn
=042  \\$adlr
=043  \\$aa-cc---
=050  \4$aPL1171$b.S494
=100  1\$6880-01$aShirakawa, Shizuka,$d1910-2006
=245  10$6880-02$aKanji no sekai :$bChūgoku bunka no genten /$cShirakawa Shizuka.
=246  30$6880-03$aChūgoku bunka no genten
=250  \\$6880-04$aShohan.
=260  \\$6880-05$aTōkyō :$bHeibonsha,$cShōwa 51 (1976)
=300  \\$a1 online resource (2 volumes) :$billustrations.
=336  \\$atext$btxt$2rdacontent
=337  \\$acomputer$bc$2rdamedia
=338  \\$aonline resource$bcr$2rdacarrier
=490  1\$6880-06$aTōyō bunko ;$v281, 286
=588  0\$aPrint version record.
=650  \0$aChinese language$xWriting$xHistory.
=650  \7$aChinese language$xWriting.$2fast$0(OCoLC)fst00857584
=650  \7$aCivilization.$2fast$0(OCoLC)fst00862898
=651  \0$aChina$xCivilization.
=651  \7$aChina.$2fast$0(OCoLC)fst01206073
=655  \7$aHistory.$2fast$0(OCoLC)fst01411628
=773  0\$tJapanKnowledge
=776  08$iPrint version:$aShirakawa, Shizuka, 1910-2006.$tKanji no sekai.$dTōkyō : Heibonsha, Shōwa 51 (1976)
=830  \0$6880-07$aTōyō bunko$v281, 286.
=856  40$3JapanKnowledge Volume 1$uhttp://japanknowledge.com/lib/display/?lid=80010V0281P0003$yJapanKnowledge Lib
=856  40$3JapanKnowledge Volume 2$uhttp://japanknowledge.com/lib/display/?lid=80010V0286P0003$yJapanKnowledge Lib
=880  1\$6100-01/{dollar}1$a白川静,$d1910-2006.
=880  10$6245-02/{dollar}1$a漢字の世界 :$b中国文化の原点 /$c白川静.
=880  30$6246-03/{dollar}1$a中国文化の原点
=880  \\$6250-04/{dollar}1$a初版.
=880  \\$6260-05/{dollar}1$a東京 :$b平凡社,$c昭和51 ((1976)
=880  1\$6490-06/{dollar}1$a東洋文庫 ;$v281, 286
=880  \0$6830-07/{dollar}1$a東洋文庫 ;$v281, 286.
=859  \\$aORR$bJapanKnowledge
=CAT  \\$aW1704-1242$b00$c20170509$lBLL01$h0927
=CAT  \\$aBATCH-UPD$b00$c20170509$lBLL01$h0930
=CAT  \\$aW2003-0365$c20200305$lBLL01$h1101
=FIN  \\$aY$d20170509
=SID  \\$aZ30$bOCLC
=SRC  \\$aJapanKnowledge_2017$bJK_OCLC20170203.mrc
=LAS  \\$aW2003-0365$b00$c20200305$lBLL01$h1101

