=LDR  02564 am a22006254i 4500
=001  018337866
=003  Uk
=005  20170106042842.0
=006  m\\\\\o\\d\\\\\\\\
=007  cr\|||||||||||
=008  151113s1966\\\\ja\\\\\\ob\\\\000\0\jpn\d
=FMT  \\$a  BK
=020  \\$z4560054010
=020  \\$z9784560054017
=035  \\$a(OCoLC)929028997
=040  \\$aSTF$beng$cYUS$dOCLCO$dYUS$dOCLCO$dOCLCF$dUk$erda$epn
=041  1\$ajpn$hfre
=050  \4$aBL2441.2$b.D3163 1966
=100  1\$aDaumas, François,$eauthor.
=240  10$aDieux de l'Egypte.$lJapanese
=245  10$6880-01$aEjiputo no kamigami /$cFuransowa Doma cho ; Ōshima Seiji yaku.
=264  \1$6880-02$aTōkyō :$bHakusuisha,$c1966.
=300  \\$a1 online resource.
=336  \\$atext$btxt$2rdacontent
=337  \\$acomputer$bc$2rdamedia
=338  \\$aonline resource$bcr$2rdacarrier
=490  1\$6880-03$aBunko kuseju ;$v401
=500  \\$aTranslation of: Les dieux de l'Égypte. 1965.
=504  \\$aIncludes bibliographical references.
=588  \\$aDescription based on print version record.
=650  \0$aMythology, Egyptian.
=650  \7$aMythology, Egyptian.$2fast$0(OCoLC)fst01031782
=650  \7$aReligion.$2fast$0(OCoLC)fst01093763
=651  \0$aEgypt$xReligion.
=651  \7$aEgypt.$2fast$0(OCoLC)fst01208755
=700  1\$6880-04,$aŌshima, Seiji,$d1924-2006$etranslator.
=773  0\$tJapanKnowledge
=776  08$6880-05$iPrint version:$aDaumas, François.$sDieux de l'Egypte. Japanese.$tEjiputo no kamigami.$dTōkyō : Hakusuisha, 1966
=830  \0$6880-06$aBunko kuseju$v401.
=856  40$3JapanKnowledge$uhttp://japanknowledge.com/lib/display/?lid=8021004010000$yJapanKnowledge Lib
=880  10$6245-01$aエジプトの神々 /$cフランソワ・ドマ著 ; 大島清次訳.
=880  \1$6264-02$a東京 :$b白水社,$c1966.
=880  1\$6490-03$a文庫クセジュ ;$v401
=880  1\$6700-04$a大島清次,$d1924-2006,$etranslator.
=880  08$6776-05$iPrint version:$aDaumas, François.$sDieux de l'Egypte. Japanese.$tエジプトの神々.$d東京 : 白水社, 1966$w(OCoLC)33846751
=880  \0$6830-06$a文庫クセジュ ;$v401.
=859  \\$aORR$bJapanKnowledge
=CAT  \\$aW1704-1242$b00$c20170509$lBLL01$h0927
=CAT  \\$aBATCH-UPD$b00$c20170509$lBLL01$h0930
=CAT  \\$aBATCH-UPD$b00$c20170509$lBLL01$h0938
=CAT  \\$aW2003-0365$c20200305$lBLL01$h1101
=FIN  \\$aY$d20170509
=SID  \\$aZ30$bOCLC
=SRC  \\$aJapanKnowledge_2017$bJK_OCLC20170203.mrc
=LAS  \\$aW2003-0365$b00$c20200305$lBLL01$h1101

