=LDR  02818cam a22006734i 4500
=001  018337867
=003  Uk
=005  20170106042843.0
=006  m\\\\\o\\d\\\\\\\\
=007  cr\|||||||||||
=008  160115s2006\\\\ja\\\\\\o\\\\\000\0\jpn\d
=FMT  \\$a  BK
=020  \\$z4560509026
=020  \\$z9784560509029
=035  \\$a(OCoLC)934799147
=040  \\$aSTF$beng$cYUS$dOCLCO$dYUS$dOCLCO$dOCLCF$dUk$erda$epn
=041  1\$ajpn$hfre
=050  \4$aDG231$b.G7163 2006
=100  1\$aGrandazzi, Alexandre,$eauthor.
=240  10$aOrigines de Rome.$lJapanese
=245  10$6880-01$aRōma no kigen :$bshinwa to denshō, soshite kōkogaku /$cArekusandoru Gurandajji cho ; Kitano Tōru yaku.
=264  \1$6880-02$aTōkyō :$bHakusuisha,$c2006.
=300  \\$a1 online resource.
=336  \\$atext$btxt$2rdacontent
=337  \\$acomputer$bc$2rdamedia
=338  \\$aonline resource$bcr$2rdacarrier
=490  1\$6880-03$aBunko kuseju ;$v902
=500  \\$aTranslation of: Origines de Rome. Paris : Presses Universitaires de France, 2003.
=588  \\$aDescription based on print version record.
=648  \7$aTo 476$2fast
=650  \7$aAntiquities.$2fast$0(OCoLC)fst00810745
=651  \0$aRome$xHistory$yTo 510 B.C.
=651  \0$aItaly$xHistory$yTo 476.
=651  \0$aItaly$xAntiquities.
=651  \7$aItaly.$2fast$0(OCoLC)fst01204565
=651  \7$aRome (Empire)$2fast$0(OCoLC)fst01204885
=655  \7$aHistory.$2fast$0(OCoLC)fst01411628
=700  1\$aGrandazzi, Alexandre.
=700  1\$6880-04$aKitano, Tōru,$d1937-$etranslator.
=730  0\$aOrigines de Rome.
=773  0\$tJapanKnowledge
=776  08$6880-05$iPrint version:$aGrandazzi, Alexandre.$sOrigines de Rome. Japanese.$tRōma no kigen.$dTōkyō : Hakusuisha, 2006
=830  \0$6880-06$aBunko kuseju$v902.
=856  40$3JapanKnowledge$uhttp://japanknowledge.com/lib/display/?lid=8021009020000$yJapanKnowledge Lib
=880  10$6245-01$aローマの起源 :$b神話と伝承, そして考古学 /$cアレクサンドル・グランダッジ著 ; 北野徹訳.
=880  \1$6264-02$a東京 :$b白水社,$c2006.
=880  1\$6490-03$a文庫クセジュ ;$v902
=880  1\$6700-04$a北野徹,$d1937-$etranslator.
=880  08$6776-05$iPrint version:$aGrandazzi, Alexandre.$sOrigines de Rome. Japanese.$tローマの起源.$d東京 : 白水社, 2006$w(OCoLC)70801948
=880  \0$6830-06$a文庫クセジュ ;$v902.
=859  \\$aORR$bJapanKnowledge
=CAT  \\$aW1704-1242$b00$c20170509$lBLL01$h0927
=CAT  \\$aBATCH-UPD$b00$c20170509$lBLL01$h0930
=CAT  \\$aW2003-0365$c20200305$lBLL01$h1101
=CAT  \\$aBATCH-UPD$b00$c20211112$lBLL01$h2043
=FIN  \\$aY$d20170509
=SID  \\$aZ30$bOCLC
=SRC  \\$aJapanKnowledge_2017$bJK_OCLC20170203.mrc
=LAS  \\$aBATCH-UPD$b00$c20211112$lBLL01$h2043

