=LDR  04182 am a22007217a 4500
=001  018337868
=003  Uk
=005  20170106042843.0
=006  m\\\\\o\\d\\\\\\\\
=007  cr\|||||||||||
=008  100420t19711972ja\ac\\\ob\\\\001\0\jpn\d
=FMT  \\$a  BK
=020  \\$z458280201X$q(v. 1)
=020  \\$z4582802060$q(v. 2)
=020  \\$z9784582802016$q(v. 1)
=020  \\$z9784582802061$q(v. 2)
=035  \\$a(OCoLC)608385494
=040  \\$aOCLCE$beng$cOCLCE$dOCLCQ$dCUS$dOCLCQ$dOCLCF$dYUS$dOCLCO$dYUS$dOCLCO$dOCLCQ$dYUS$dOCLCO$dUk$epn
=042  \\$adlr
=043  \\$aa-ja---
=050  \4$aGT2910$b.H34 1971
=245  00$6880-01$aNihon no chasho /$cHayashiya Tatsusaburō, Yokoi Kiyoshi, Narabayashi Tadao henchū.
=250  \\$6880-02$aShohan.
=260  \\$6880-03$aTōkyō :$bHeibonsha,$cShōwa 46-47 [1971-1972]$g(Shōwa 48 [1973], Shōwa 50 [1975] printing)
=300  \\$a1 online resource (2 volumes) :$billustrations, portraits.
=336  \\$atext$btxt$2rdacontent
=337  \\$acomputer$bc$2rdamedia
=338  \\$aonline resource$bcr$2rdacarrier
=490  1\$6880-04$aTōyō bunko ;$v201, 206
=500  \\$aIncludes index.
=504  \\$aIncludes bibliographical references.
=505  0\$6880-05$a1. Hayashiya Tatsusaburō Chasho no rekishi ; Eisai Kissa yōjōki ; Gen'e Kissa ōrai ; Yamanoue Sōji ki ; Shinshōsai Shunkei Bunrui sōjinboku ; Furuta Oribe densho ; Nan'pōroku Oboegaki -- 2. Kusumi Soan Chawa shigetsushū ; Baisa-ō kōyūgai Baizan shucha furyaku ; ōeda Ryūhō Seiwan chawa (sencha shiyōshū) ; Ueda Akinari Seifū sagen ; Matsudaira Saedanobu Chadō kun, Chaji okite ; Ryūkatei Ransui Sencha haya shinan ; Fukada Seiichi Sencha ketsu (Bokusekikyo sencha ketsu) ; Ogawa Kashin Kissa ben ; Ii Naosuke Chanoyu ikkaishū ; Sen Sōshitsu Yūgen yawa bassui ; Takahashi Sōan Oraga chanoyu.
=588  0\$aPrint version record.
=650  \0$aJapanese tea ceremony$vBook reviews.
=650  \7$aJapanese tea ceremony.$2fast$0(OCoLC)fst00981955
=655  \7$aBook reviews.$2fast$0(OCoLC)fst01423756
=700  1\$6880-06$aHayashiya, Tatsusaburō,$d1914-1998
=700  1\$6880-07$aYokoi, Kiyoshi.
=700  1\$6880-08$aNarabayashi, Tadao,$d1940-1960
=773  0\$tJapanKnowledge
=776  08$iPrint version:$tNihon no chasho.$bShohan.$dTōkyō : Heibonsha, Shōwa 46-47 [1971-1972]
=830  \0$6880-09$aTōyō bunko$v201, etc.
=856  40$3JapanKnowledge Volume 1$uhttp://japanknowledge.com/lib/display/?lid=80010V0201P0002$yJapanKnowledge Lib
=856  40$3JapanKnowledge Volume 2$uhttp://japanknowledge.com/lib/display/?lid=80010V0206P0002$yJapanKnowledge Lib
=880  00$6245-01/{dollar}1$a日本の茶書 /$c林屋辰三郎, 横井清, 楢林忠男編注.
=880  \\$6250-02/{dollar}1$a初版.
=880  \\$6260-03/{dollar}1$a東京 :$b平凡社,$c昭和46-47 [1971-1972]$g(昭和48 [1973], 昭和50 [1975] printing)
=880  1\$6490-04/{dollar}1$a東洋文庫 ;$v201, 206
=880  0\$6505-05/{dollar}1$a1. 林屋辰三郎荼書の歴史 ; 栄西喫荼養生記 ; 玄恵喫荼往来 ; 山上宗二記 ; 真松斎春溪分類草人本 ; 古田織部伝書 ; 南方錄覚書 -- 2. 久須見疎庵荼話指月集 ; 売荼翁高遊外梅山種荼譜略 ; 大枝流芳靑湾荼話(煎荼仕用集) ; 上田秋成淸風瑣言 ; 松平定信荼道訓・荼事掟 ; 柳下亭嵐翠煎荼早指南 ; 深田精一煎荼訣(木石煎荼訣) ; 小川可進喫荼辨 ; 井伊直弼荼湯一会集 ; 千宗室又玄夜話拔萃 ; 高橋箒庵おらガ茶の湯.
=880  1\$6700-06/{dollar}1$a林屋辰三郎,$d1914-1998.
=880  1\$6700-07/{dollar}1$a横井清.
=880  1\$6700-08/{dollar}1$a楢林忠男,$d1940-
=880  \0$6830-09/{dollar}1$a東洋文庫 ;$v201, etc.
=859  \\$aORR$bJapanKnowledge
=CAT  \\$aW1704-1242$b00$c20170509$lBLL01$h0927
=CAT  \\$aBATCH-UPD$b00$c20170509$lBLL01$h0930
=CAT  \\$aBATCH-UPD$b00$c20170509$lBLL01$h0938
=CAT  \\$aW2003-0365$c20200305$lBLL01$h1101
=CAT  \\$aBATCH-UPD$b00$c20211010$lBLL01$h2249
=FIN  \\$aY$d20170509
=SID  \\$aZ30$bOCLC
=SRC  \\$aJapanKnowledge_2017$bJK_OCLC20170203.mrc
=LAS  \\$aBATCH-UPD$b00$c20211010$lBLL01$h2249

