=LDR  02755 am a22006374i 4500
=001  018337869
=003  Uk
=005  20170106042843.0
=006  m\\\\\o\\d\\\\\\\\
=007  cr\|||||||||||
=008  151113s1968\\\\ja\\\\\\o\\\\\000\0\jpn\d
=FMT  \\$a  BK
=020  \\$z4560054282
=020  \\$z9784560054284
=035  \\$a(OCoLC)929028990
=040  \\$aSTF$beng$cYUS$dOCLCO$dYUS$dOCLCO$dOCLCF$dOCL$dUk$erda$epn
=041  1\$ajpn$hfre
=050  \4$aDC111$b.L58163 1968
=100  1\$aLivet, Georges,$eauthor.
=240  10$aGuerres de religion.$lJapanese
=245  10$6880-01$aShūkyō sensō /$cJoruju Rive cho ; Ninomiya Hiroyuki, Sekine Motoko yaku.
=264  \1$6880-02$aTōkyō :$bHakusuisha,$c1968.
=300  \\$a1 online resource.
=336  \\$atext$btxt$2rdacontent
=337  \\$acomputer$bc$2rdamedia
=338  \\$aonline resource$bcr$2rdacarrier
=490  1\$6880-03$aBunko kuseju ;$v428
=500  \\$aTranslation of: Les guerres de religion. Paris : Presses universitaires de France, 1962.
=588  \\$aDescription based on print version record.
=611  27$aWars of the Huguenots (France : 1562-1598)$2fast$0(OCoLC)fst01355311
=648  \7$a1562-1598$2fast
=651  \0$aFrance$xHistory$yWars of the Huguenots, 1562-1598.
=651  \7$aFrance.$2fast$0(OCoLC)fst01204289
=655  \7$aHistory.$2fast$0(OCoLC)fst01411628
=700  1\$6880-04,$aNinomiya, Hiroyuki,$d1932-2006$etranslator.
=700  1\$6880-05$aSekine, Motoko,$d1935-$etranslator.
=773  0\$tJapanKnowledge
=776  08$6880-06$iPrint version:$aLivet, Georges.$sGuerres de religion. Japanese.$tShūkyō sensō.$dTōkyō : Hakusuisha, 1968
=830  \0$6880-07$aBunko kuseju$v428.
=856  40$3JapanKnowledge$uhttp://japanknowledge.com/lib/display/?lid=8021004280000$yJapanKnowledge Lib
=880  10$6245-01/{dollar}1$a宗教戦争 /$cジョルジュ・リヴェ著 ; 二宮宏之, 関根素子訳.
=880  \1$6264-02/{dollar}1$a東京 :$b白水社,$c1968.
=880  1\$6490-03/{dollar}1$a文庫クセジュ ;$v428
=880  1\$6700-04/{dollar}1$a二宮宏之,$d1932-2006,$etranslator.
=880  1\$6700-05/{dollar}1$a関根素子,$d1935-$etranslator.
=880  08$6776-06/{dollar}1$iPrint version:$aLivet, Georges.$sGuerres de religion. Japanese.$t宗教戦争.$d東京 : 白水社, 1968$w(OCoLC)33658021
=880  \0$6830-07/{dollar}1$a文庫クセジュ ;$v428.
=859  \\$aORR$bJapanKnowledge
=CAT  \\$aW1704-1242$b00$c20170509$lBLL01$h0927
=CAT  \\$aBATCH-UPD$b00$c20170509$lBLL01$h0930
=CAT  \\$aBATCH-UPD$b00$c20170509$lBLL01$h0938
=CAT  \\$aW2003-0365$c20200305$lBLL01$h1101
=FIN  \\$aY$d20170509
=SID  \\$aZ30$bOCLC
=SRC  \\$aJapanKnowledge_2017$bJK_OCLC20170203.mrc
=LAS  \\$aW2003-0365$b00$c20200305$lBLL01$h1101

