=LDR  02778 am a22006137i 4500
=001  018337870
=003  Uk
=005  20170106042844.0
=006  m\\\\\o\\d\\\\\\\\
=007  cr\|||||||||||
=008  101107m19741976ja\a\\\\o\\\\\000\0ajpn\d
=FMT  \\$a  BK
=019  \\$a639388172
=035  \\$a(OCoLC)679643204$z(OCoLC)639388172
=040  \\$aOCLCE$beng$cOCLCE$dOCLCQ$dCUS$dOCLCQ$dOCLCO$dYUS$dOCLCO$dYUS$dOCLCO$dOCLCQ$dOCLCO$dOCLCQ$dYUS$dOCLCO$dUk$epn
=042  \\$adlr
=050  \4$aCT1838.K365$bA34
=100  1\$6880-01$aKawai, Koume,$d1804-1889
=245  10$6880-02$aKoume nikki :$bBakumatsu Meiji o Kishū ni ikiru /$cKawai Koume [cho] ; Shiga Yasuharu, Murata Shizuko kōtei.
=250  \\$6880-03$aShohan.
=260  \\$6880-04$aTōkyō :$bHeibonsha,$cShōwa 49-51 [1974-1976]
=300  \\$a1 online resource (3 volumes) :$billustrations.
=336  \\$atext$btxt$2rdacontent
=337  \\$acomputer$bc$2rdamedia
=338  \\$aonline resource$bcr$2rdacarrier
=490  1\$6880-05$aTōyō bunko ;$v256, 268, 284
=588  0\$aPrint version record.
=600  10$6880-06$aKawai, Koume,$d1804-1889
=700  1\$6880-07,$aShiga, Yasuharu,$d1895-$eeditor.
=700  1\$6880-08,$aMurata, Shizuko,$d1923-$eeditor.
=773  0\$tJapanKnowledge
=776  08$iPrint version:$aKawai, Koume, 1804-1889.$tKoume nikki.$dTōkyō : Heibonsha, Shōwa 49-51 [1974-1976]
=830  \0$6880-09$aTōyō bunko$v256, 268, 284.
=856  40$3JapanKnowledge Volume 1$uhttp://japanknowledge.com/lib/display/?lid=80010V0256P0003$yJapanKnowledge Lib
=856  40$3JapanKnowledge Volume 2$uhttp://japanknowledge.com/lib/display/?lid=80010V0268P0003$yJapanKnowledge Lib
=856  40$3JapanKnowledge Volume 3$uhttp://japanknowledge.com/lib/display/?lid=80010V0284P0003$yJapanKnowledge Lib
=880  1\$6100-01/{dollar}1$a川合小梅,$d1804-1889.
=880  10$6245-02/{dollar}1$a小梅日記 :$b幕末.・明治を紀州に生きる /$c川合小梅[著] ; 志賀裕春, 村田静子校訂.
=880  \\$6250-03/{dollar}1$a初版.
=880  \\$6260-04/{dollar}1$a東京 :$b平凡社,$c昭和49-51 [1974-1976]
=880  1\$6490-05/{dollar}1$a東洋文庫 ;$v256, 268, 284
=880  14$6600-06/{dollar}1$a川合小梅,$d1804-1889.
=880  1\$6700-07/{dollar}1$a志賀裕春,$d1895-$eeditor.
=880  1\$6700-08/{dollar}1$a村田静子,$d1923-$eeditor.
=880  \0$6830-09/{dollar}1$a東洋文庫 ;$v256, 268, 284.
=859  \\$aORR$bJapanKnowledge
=CAT  \\$aW1704-1242$b00$c20170509$lBLL01$h0927
=CAT  \\$aBATCH-UPD$b00$c20170509$lBLL01$h0930
=CAT  \\$aBATCH-UPD$b00$c20170509$lBLL01$h0938
=CAT  \\$aW2003-0365$c20200305$lBLL01$h1101
=FIN  \\$aY$d20170509
=SID  \\$aZ30$bOCLC
=SRC  \\$aJapanKnowledge_2017$bJK_OCLC20170203.mrc
=LAS  \\$aW2003-0365$b00$c20200305$lBLL01$h1101

