=LDR  02079 am a22005534i 4500
=001  018337871
=003  Uk
=005  20170106042844.0
=006  m\\\\\o\\d\\\\\\\\
=007  cr\|||||||||||
=008  151113s1998\\\\ja\\\\\\o\\\\\000\0\jpn\d
=FMT  \\$a  BK
=020  \\$z4560058075
=020  \\$z9784560058077
=035  \\$a(OCoLC)929030684
=040  \\$aYUS$beng$cYUS$dYUS$dOCLCO$dOCLCF$dUk$erda$epn
=041  1\$ajpn$hfre
=245  00$6880-01$aDoitsu koten tetsugaku /$cBerunāru Burujowa cho ; Higuchi Yoshirō, Matsuda Katsunori yaku.
=264  \1$6880-02$aTōkyō :$bHakusuisha,$c1998.
=300  \\$a1 online resource.
=336  \\$atext$btxt$2rdacontent
=337  \\$acomputer$bc$2rdamedia
=338  \\$aonline resource$bcr$2rdacarrier
=490  1\$6880-03$aBunko kuseju ;$v807
=588  \\$aDescription based on print version.
=650  \0$aPhilosophy, German.
=650  \7$aPhilosophy, German.$2fast$0(OCoLC)fst01060969
=700  1\$6880-04$aHiguchi, Yoshirō.
=700  1\$6880-05$aMatsuda, Katsunori,$d1963-
=700  1\$aBourgeois, Bernard.
=730  0\$aPhilosophie allemande classique.
=773  0\$tJapanKnowledge
=776  08$iPrint version:$tDoitsu koten tetsugaku.
=830  \0$6880-06$aBunko kuseju$v807.
=856  40$3JapanKnowledge$uhttp://japanknowledge.com/lib/display/?lid=8021008070000$yJapanKnowledge Lib
=880  00$6245-01/{dollar}1$aドイツ古典哲学 /$cベルナール・ブルジョワ著 ; 樋口善郎, 松田克進訳.
=880  \1$6264-02/{dollar}1$a東京 :$b白水社,$c1998.
=880  1\$6490-03/{dollar}1$a文庫クセジュ ;$v807
=880  1\$6700-04/{dollar}1$a樋口善郎.
=880  1\$6700-05/{dollar}1$a松田克進,$d1963-
=880  \0$6830-06/{dollar}1$a文庫クセジュ ;$v807.
=859  \\$aORR$bJapanKnowledge
=CAT  \\$aW1704-1242$b00$c20170509$lBLL01$h0927
=CAT  \\$aBATCH-UPD$b00$c20170509$lBLL01$h0930
=CAT  \\$aW2003-0365$c20200305$lBLL01$h1101
=FIN  \\$aY$d20170509
=SID  \\$aZ30$bOCLC
=SRC  \\$aJapanKnowledge_2017$bJK_OCLC20170203.mrc
=LAS  \\$aW2003-0365$b00$c20200305$lBLL01$h1101

