=LDR  02973 am a22006734i 4500
=001  018337872
=003  Uk
=005  20170106042845.0
=006  m\\\\\o\\d\\\\\\\\
=007  cr\|||||||||||
=008  160115s2002\\\\ja\\\\\\o\\\\\001\0\jpn\d
=FMT  \\$a  BK
=020  \\$z4560058571
=020  \\$z9784560058572
=035  \\$a(OCoLC)934799051
=040  \\$aSTF$beng$cYUS$dOCLCO$dYUS$dOCLCO$dOCLCF$dUk$erda$epn
=041  1\$ajpn$hfre
=050  \4$aDT294$b.A22163 2002
=100  1\$aAgeron, Charles Robert,$eauthor.
=240  10$aHistoire de l'Algérie contemporaine.$lJapanese
=245  10$6880-01$aArujeria kin-gendaishi /$cSharuru=Robēru Ājuron cho ; Kisaichi Masatoshi, Nakajima Setsuko yaku.
=264  \1$6880-02$aTokyo :$bHakusuisha,$c2002.
=300  \\$a1 online resource.
=336  \\$atext$btxt$2rdacontent
=337  \\$acomputer$bc$2rdamedia
=338  \\$aonline resource$bcr$2rdacarrier
=490  1\$6880-03$aBunko kuseju ;$v857
=500  \\$aIncludes index.
=500  \\$aTranslation of: Histoire de l'Algérie contemporaine. 11th ed. Paris : Presses universitaires de France, 1999.
=588  \\$aDescription based on print version record.
=648  \7$aSince 1830$2fast
=651  \0$aAlgeria$xHistory$y1830-1962.
=651  \0$aAlgeria$xHistory$y1962-1990.
=651  \0$aAlgeria$xHistory$y1990-
=651  \7$6880-04$aArujeria$xRekishi.$2jlabsh
=651  \7$aAlgeria.$2fast$0(OCoLC)fst01205459
=655  \7$aHistory.$2fast$0(OCoLC)fst01411628
=700  1\$6880-05,$aKisaichi, Masatoshi,$d1948-$etranslator.
=700  1\$6880-06$aNakajima, Setsuko,$d1942-$etranslator.
=773  0\$tJapanKnowledge
=776  08$6880-07$iPrint version:$aAgeron, Charles Robert.$sHistoire de l'Algérie contemporaine. Japanese.$tArujeria kin-gendaishi.$dTōkyō : Hakusuisha, 2002
=830  \0$6880-08$aBunko kuseju$v857.
=856  40$3JapanKnowledge$uhttp://japanknowledge.com/lib/display/?lid=8021008570000$yJapanKnowledge Lib
=880  10$6245-01$aアルジェリア近現代史 /$cシャルル=ロベール・アージュロン著 ; 私市正年, 中島節子訳.
=880  \1$6264-02$a東京 :$b白水社,$c2002.
=880  1\$6490-03$a文庫クセジュ ;$v857
=880  \7$6651-04$aアルジェリア$x歴史.$2jlabsh
=880  1\$6700-05$a私市正年,$d1948-$etranslator.
=880  1\$6700-06$a中島節子,$d1942-$etranslator.
=880  08$6776-07$iPrint version:$aAgeron, Charles Robert.$sHistoire de l'Algérie contemporaine. Japanese.$tアルジェリア近現代史.$d東京 : 白水社, 2002$w(OCoLC)123040830
=880  \0$6830-08$a文庫クセジュ ;$v857.
=859  \\$aORR$bJapanKnowledge
=CAT  \\$aW1704-1242$b00$c20170509$lBLL01$h0927
=CAT  \\$aBATCH-UPD$b00$c20170509$lBLL01$h0930
=CAT  \\$aW2003-0365$c20200305$lBLL01$h1101
=FIN  \\$aY$d20170509
=SID  \\$aZ30$bOCLC
=SRC  \\$aJapanKnowledge_2017$bJK_OCLC20170203.mrc
=LAS  \\$aW2003-0365$b00$c20200305$lBLL01$h1101

