=LDR  02755 am a22006377a 4500
=001  018337873
=003  Uk
=005  20170106042845.0
=006  m\\\\\o\\d\\\\\\\\
=007  cr\unu---uuaua
=008  090109m19911992ja\\\\\\ob\\\\001\0\jpn\d
=FMT  \\$a  BK
=035  \\$a(OCoLC)297766370
=040  \\$aOCLCE$beng$cOCLCE$dOCLCQ$dCUS$dOCLCQ$dOCLCF$dOCLCO$dYUS$dOCLCO$dYUS$dOCLCO$dOCLCQ$dYUS$dOCLCO$dUk$epn
=043  \\$aa-ja---$aa-cc---
=050  \4$aHF5715.J3$bK37 1991
=100  1\$6880-01$aKariya, Ekisai,$d1775-1835
=245  10$6880-02$aHonchō doryō kenkō kō /$cKariya Ekisai ; Tomiya Itaru kōchū.
=250  \\$6880-03$aShohan.
=260  \\$6880-04$aTōkyō :$bHeibonsha,$c1991-1992.
=300  \\$a1 online resource (2 volumes).
=336  \\$atext$btxt$2rdacontent
=337  \\$acomputer$bc$2rdamedia
=338  \\$aonline resource$bcr$2rdacarrier
=490  1\$6880-05$aTōyō bunko ;$v537, 546
=504  \\$aIncludes bibliographical references and index.
=505  8\$aHonchô dokô -- Honchô ryôkô -- Honchô kenkôkô -- Honchô kenkôkô -- Doryôkô enkaku hyô.
=588  0\$aPrint version record.
=650  \0$aWeights and measures$zChina$xHistory.
=650  \0$aWeights and measures$zJapan$xHistory.
=650  \7$aWeights and measures.$2fast$0(OCoLC)fst01173497
=651  \7$aChina.$2fast$0(OCoLC)fst01206073
=651  \7$aJapan.$2fast$0(OCoLC)fst01204082
=655  \7$aHistory.$2fast$0(OCoLC)fst01411628
=700  1\$6880-06$aTomiya, Itaru,$d1952-
=773  0\$tJapanKnowledge
=776  08$iPrint version:$aKariya, Ekisai, 1775-1835.$tHonchō doryō kenkō kō.$bShohan.$dTōkyō : Heibonsha, 1991-1992
=830  \0$6880-07$aTōyō bunko$v537, etc.
=856  40$3JapanKnowledge Volume 1$uhttp://japanknowledge.com/lib/display/?lid=80010V0537P0002$yJapanKnowledge Lib
=856  40$3JapanKnowledge Volume 2$uhttp://japanknowledge.com/lib/display/?lid=80010V0546P0002$yJapanKnowledge Lib
=880  1\$6100-01/{dollar}1$a狩谷Eki斎,$d1775-1835.
=880  10$6245-02/{dollar}1$a本朝度量権衡攷 /$c狩谷[Eki]斎 ; 冨谷至校注.
=880  \\$6250-03/{dollar}1$a初版.
=880  \\$6260-04/{dollar}1$a東京 :$b平凡社,$c1991-1992.
=880  1\$6490-05/{dollar}1$a東洋文庫 ;$v537, 546
=880  1\$6700-06/{dollar}1$a冨谷至,$d1952-
=880  \0$6830-07/{dollar}1$a東洋文庫 ;$v537, etc.
=859  \\$aORR$bJapanKnowledge
=CAT  \\$aW1704-1242$b00$c20170509$lBLL01$h0927
=CAT  \\$aBATCH-UPD$b00$c20170509$lBLL01$h0930
=CAT  \\$aBATCH-UPD$b00$c20170509$lBLL01$h0938
=CAT  \\$aW2003-0365$c20200305$lBLL01$h1101
=FIN  \\$aY$d20170509
=SID  \\$aZ30$bOCLC
=SRC  \\$aJapanKnowledge_2017$bJK_OCLC20170203.mrc
=LAS  \\$aW2003-0365$b00$c20200305$lBLL01$h1101

