=LDR  02929 am a2200685 a 4500
=001  018337874
=003  Uk
=005  20170106042845.0
=006  m\\\\\o\\d\\\\\\\\
=007  cr\un|||||||||
=008  120214s1995\\\\ja\\\\\\ob\\\\001\0\jpn\d
=FMT  \\$a  BK
=020  \\$a4582805906$q(v. 2)
=020  \\$a9784582805901$q(v. 2)
=020  \\$z4582805892$q(v. 1)
=020  \\$z9784582805895$q(v. 1)
=035  \\$a(OCoLC)776764764
=040  \\$aCUS$beng$cCUS$dCUS$dOCLCQ$dOCLCF$dOCLCO$dYUS$dOCLCQ$dOCLCO$dYUS$dOCLCO$dOCLCQ$dYUS$dOCLCO$dUk
=050  \4$aBF1714.H5$bV27 1995
=100  0\$aVarāhamihira,$d505-587.
=240  10$aBr̥hatsaṃhitā.$lJapanese
=245  10$6880-01$aBurihatto sanhitā :$bkodai Indo no zenchō uranai = Senjutsu daishūsei /$cVarāhamihira ; Yano Michio, Sugita Mizue yakuchū.
=246  31$6880-02$aSenjutsu daishūsei
=250  \\$6880-03$aShohan.
=260  \\$6880-04$aTōkyō :$bHeibonsha,$c1995.
=300  \\$a1 online resource (2 volumes).
=336  \\$atext$btxt$2rdacontent
=337  \\$acomputer$bc$2rdamedia
=338  \\$aonline resource$bcr$2rdacarrier
=490  1\$6880-05$aTōyō bunko ;$v589-590
=500  \\$aIncludes index.
=504  \\$aIncludes bibliographical references.
=588  0\$aPrint version record.
=650  \0$aHindu astrology$vEarly works to 1800.
=650  \7$aHindu astrology.$2fast$0(OCoLC)fst00957013
=655  \7$aEarly works.$2fast$0(OCoLC)fst01411636
=700  1\$6880-06$aYano, Michio,$d1944-
=700  1\$6880-07$aSugita, Mizue,$d1939-
=773  0\$tJapanKnowledge
=776  08$iPrint version:$aVarāhamihira, 505-587.$sBr̥hatsaṃhitā. Japanese.$tBurihatto sanhitā.$bShohan.$dTōkyō : Heibonsha, 1995$z4582805892
=830  \0$6880-08$aTōyō bunko$v589-590.
=856  40$3JapanKnowledge Volume 2$uhttp://japanknowledge.com/lib/display/?lid=80010V0590P0002$yJapanKnowledge Lib
=856  40$3JapanKnowledge Volume 1$uhttp://japanknowledge.com/lib/display/?lid=80010V0589P0002$yJapanKnowledge Lib
=880  10$6245-01/{dollar}1$aブリハット・サンヒター :$b古代インドの前兆占い = 占術大集成 /$cヴァラーハミヒラ ; 矢野道雄, 杉田瑞枝訳注.
=880  31$6246-02/{dollar}1$a占術大集成
=880  \\$6250-03/{dollar}1$a初版.
=880  \\$6260-04/{dollar}1$a東京 :$b平凡社,$c1995.
=880  1\$6490-05/{dollar}1$a東洋文庫 ;$v589-590
=880  1\$6700-06/{dollar}1$a矢野道雄,$d1944-
=880  1\$6700-07/{dollar}1$a杉田瑞枝,$d1939-
=880  \0$6830-08/{dollar}1$a東洋文庫 ;$v589-590.
=859  \\$aORR$bJapanKnowledge
=CAT  \\$aW1704-1242$b00$c20170509$lBLL01$h0927
=CAT  \\$aBATCH-UPD$b00$c20170509$lBLL01$h0930
=CAT  \\$aBATCH-UPD$b00$c20170509$lBLL01$h0938
=CAT  \\$aW2003-0365$c20200305$lBLL01$h1101
=FIN  \\$aY$d20170509
=SID  \\$aZ30$bOCLC
=SRC  \\$aJapanKnowledge_2017$bJK_OCLC20170203.mrc
=LAS  \\$aW2003-0365$b00$c20200305$lBLL01$h1101

