=LDR  02310 am a22006134i 4500
=001  018337875
=003  Uk
=005  20170106042847.0
=006  m\\\\\o\\d\\\\\\\\
=007  cr\|||||||||||
=008  151113s1997\\\\ja\\\\\\o\\\\\000\0\jpn\d
=FMT  \\$a  BK
=020  \\$z456005794X
=020  \\$z9784560057940
=035  \\$a(OCoLC)929030638
=040  \\$aYUS$beng$cYUS$dYUS$dOCLCO$dOCLCF$dUk$erda$epn
=041  1\$ajpn$hfre
=245  00$6880-01$aNō wa kokoro de aru /$cJan Dorakūru [cho] ; Suga Tetsuo, Nakamura Yūko, Nakajima Kin'ya kyōyaku.
=264  \1$6880-02$aTōkyō :$bHakusuisha,$c1997.
=300  \\$a1 online resource.
=336  \\$atext$btxt$2rdacontent
=337  \\$acomputer$bc$2rdamedia
=338  \\$aonline resource$bcr$2rdacarrier
=490  1\$6880-03$aBunko kuseju ;$v794
=588  \\$aDescription based on print version.
=650  \0$aBrain.
=650  \0$aMind and body.
=650  \7$aBrain.$2fast$0(OCoLC)fst00837570
=650  \7$aMind and body.$2fast$0(OCoLC)fst01021997
=700  1\$6880-04$aSuga, Tetsuo,$d1940-
=700  1\$6880-05$aNakamura, Yūko,$d1956-
=700  1\$6880-06$aNakajima, Kin'ya,$d1961-
=700  1\$aDelacour, Jean.
=730  0\$aLe cerveau et l'esprit.
=773  0\$tJapanKnowledge
=776  08$iPrint version:$tNō wa kokoro de aru.
=830  \0$6880-07$aBunko kuseju$v794.
=856  40$3JapanKnowledge$uhttp://japanknowledge.com/lib/display/?lid=8021007940000$yJapanKnowledge Lib
=880  00$6245-01/{dollar}1$a脳はこころである /$cジャン・ドラクール [著] ; 須賀哲夫, 中村祐子, 中島欣哉共訳.
=880  \1$6264-02/{dollar}1$a東京 :$b白水社,$c1997.
=880  1\$6490-03/{dollar}1$a文庫クセジュ ;$v794
=880  1\$6700-04/{dollar}1$a須賀哲夫,$d1940-
=880  1\$6700-05/{dollar}1$a中村祐子,$d1956-
=880  1\$6700-06/{dollar}1$a中島欣哉,$d1961-
=880  \0$6830-07/{dollar}1$a文庫クセジュ ;$v794.
=859  \\$aORR$bJapanKnowledge
=CAT  \\$aW1704-1242$b00$c20170509$lBLL01$h0927
=CAT  \\$aBATCH-UPD$b00$c20170509$lBLL01$h0930
=CAT  \\$aBATCH-UPD$b00$c20170509$lBLL01$h0938
=CAT  \\$aW2003-0365$c20200305$lBLL01$h1101
=FIN  \\$aY$d20170509
=SID  \\$aZ30$bOCLC
=SRC  \\$aJapanKnowledge_2017$bJK_OCLC20170203.mrc
=LAS  \\$aW2003-0365$b00$c20200305$lBLL01$h1101

