=LDR  02989 am a22006137  4500
=001  018337876
=003  Uk
=005  20170106042847.0
=006  m\\\\\o\\d\\\\\\\\
=007  cr\|||||||||||
=008  100506m19701983ja\a\\\\o\\\\\000\0\jpn\d
=FMT  \\$a  BK
=019  \\$a297326815$a607660732
=035  \\$a(OCoLC)612222020$z(OCoLC)297326815$z(OCoLC)607660732
=040  \\$aOCLCE$beng$cOCLCE$dOCLCQ$dCUS$dOCLCQ$dOCLCF$dYUS$dOCLCO$dYUS$dOCLCO$dOCLCQ$dYUS$dOCLCO$dUk$epn
=042  \\$adlr
=050  \4$aB5244.M38$bA3
=100  1\$6880-01$aMatsuzaki, Kōdō,$d1771-1844
=245  10$6880-02$aKōdō nichireki$cMatsuzaki Kōdō cho, Yamada Taku yakuchū.
=260  \\$6880-03$aTōkyō,$bHeibonsha,$cShōwa 45-58 [1970-1983]
=300  \\$a1 online resource (6 volumes)$billustrations.
=336  \\$atext$btxt$2rdacontent
=337  \\$acomputer$bc$2rdamedia
=338  \\$aonline resource$bcr$2rdacarrier
=490  1\$6880-04$aTōyō bunko,$v169, 213, 237, 337, 377, 420
=588  0\$aPrint version record.
=600  10$6880-05$aMatsuzaki, Kōdō,$d1771-1844
=600  17$aMatsuzaki, Kōdō,$d1771-1844$2fast$0(OCoLC)fst00116493
=700  1\$6880-06$aYamada, Taku,$d1910-
=773  0\$tJapanKnowledge
=776  08$iPrint version:$aMatsuzaki, Kōdō, 1771-1844.$tKōdō nichireki.$dTōkyō, Heibonsha, Shōwa 45-58 [1970-1983]
=830  \0$6880-07$aTōyō bunko$v169, 213, 237, 337, 377, 420.
=856  40$3JapanKnowledge Volume 1$uhttp://japanknowledge.com/lib/display/?lid=80010V0169P0003$yJapanKnowledge Lib
=856  40$3JapanKnowledge Volume 2$uhttp://japanknowledge.com/lib/display/?lid=80010V0213P0003$yJapanKnowledge Lib
=856  40$3JapanKnowledge Volume 3$uhttp://japanknowledge.com/lib/display/?lid=80010V0237P0002$yJapanKnowledge Lib
=856  40$3JapanKnowledge Volume 4$uhttp://japanknowledge.com/lib/display/?lid=80010V0337P0002$yJapanKnowledge Lib
=856  40$3JapanKnowledge Volume 5$uhttp://japanknowledge.com/lib/display/?lid=80010V0377P0002$yJapanKnowledge Lib
=856  40$3JapanKnowledge Volume 6$uhttp://japanknowledge.com/lib/display/?lid=80010V0420P0002$yJapanKnowledge Lib
=880  1\$6100-01/{dollar}1$a松崎慊堂,$d1771-1844.
=880  10$6245-02/{dollar}1$a慊堂日曆$c松崎慊堂著, 山田琢訳注.
=880  \\$6260-03/{dollar}1$a東京,$b平凡社,$c昭和45-58 [1970-1983]
=880  1\$6490-04/{dollar}1$a東洋文庫,$v169, 213, 237, 337, 377, 420
=880  14$6600-05/{dollar}1$a松崎慊堂,$d1771-1844.
=880  1\$6700-06/{dollar}1$a山田琢,$d1910-
=880  \0$6830-07/{dollar}1$a東洋文庫 ;$v169, 213, 237, 337, 377, 420.
=859  \\$aORR$bJapanKnowledge
=CAT  \\$aW1704-1242$b00$c20170509$lBLL01$h0927
=CAT  \\$aBATCH-UPD$b00$c20170509$lBLL01$h0930
=CAT  \\$aBATCH-UPD$b00$c20170509$lBLL01$h0938
=CAT  \\$aW2003-0365$c20200305$lBLL01$h1101
=FIN  \\$aY$d20170509
=SID  \\$aZ30$bOCLC
=SRC  \\$aJapanKnowledge_2017$bJK_OCLC20170203.mrc
=LAS  \\$aW2003-0365$b00$c20200305$lBLL01$h1101

