=LDR  02899 am a22006977a 4500
=001  018337877
=003  Uk
=005  20170106042847.0
=006  m\\\\\o\\d\\\\\\\\
=007  cr\|||||||||||
=008  100629s1983\\\\ja\af\\\o\\\\\000\0\jpn\d
=FMT  \\$a  BK
=019  \\$a301216503
=035  \\$a(OCoLC)644840630$z(OCoLC)301216503
=040  \\$aOCLCE$beng$cOCLCE$dCUS$dOCLCQ$dOCLCF$dYUS$dOCLCO$dYUS$dOCLCO$dOCLCA$dOCLCQ$dYUS$dOCLCO$dUk$epn
=042  \\$adlr
=043  \\$aa------$aa-ja---
=050  \4$aDS835$b.O4216 1983
=100  1\$6880-01$aOkakura, Kakuzō,$d1862-1913
=240  10$aIdeals of the East, with special reference to the art of Japan.$lJapanese
=245  10$6880-02$aTōyō no risō :$bta /$cOkakura Tenshin ; Saeki Shōichi, Oketani Hideaki, Hashikawa Bunsō yaku.
=250  \\$6880-03$aShohan.
=260  \\$6880-04$aTōkyō :$bHeibonsha,$c1983.
=300  \\$a1 online resource (iii, 299, 16 pages, [2] pages of plates) :$billustrations.
=336  \\$atext$btxt$2rdacontent
=337  \\$acomputer$bc$2rdamedia
=338  \\$aonline resource$bcr$2rdacarrier
=490  1\$6880-05$aTōyō bunko ;$v422
=588  0\$aPrint version record.
=650  \0$aArt$zJapan$xHistory.
=650  \7$aArt.$2fast$0(OCoLC)fst00815177
=651  \0$aAsia$xHistory.
=651  \0$aJapan$xHistory.
=651  \7$aAsia.$2fast$0(OCoLC)fst01240495
=651  \7$aJapan.$2fast$0(OCoLC)fst01204082
=655  \7$aHistory.$2fast$0(OCoLC)fst01411628
=700  1\$6880-06$aSaeki, Shōichi,$d1922-2016
=700  1\$6880-07$aOketani, Hideaki,$d1932-
=700  1\$6880-08$aHashikawa, Bunsō,$d1922-1983
=773  0\$tJapanKnowledge
=776  08$iPrint version:$aOkakura, Kakuzō, 1862-1913.$sIdeals of the East, with special reference to the art of Japan. Japanese.$tTōyō no risō.$dTōkyō : Heibonsha, 1983
=830  \0$6880-09$aTōyō bunko$v422.
=856  40$3JapanKnowledge$uhttp://japanknowledge.com/lib/display/?lid=80010V0422P0002$yJapanKnowledge Lib
=880  1\$6100-01/{dollar}1$a岡倉覚三,$d1862-1913.
=880  10$6245-02/{dollar}1$a東洋の理想 :$b他 /$c岡倉天心 ; 佐伯彰一, 桶谷秀昭, 橋川文三訳.
=880  \\$6250-03/{dollar}1$a初版.
=880  \\$6260-04/{dollar}1$a東京 :$b平凡社,$c1983.
=880  1\$6490-05/{dollar}1$a東洋文庫 ;$v422
=880  1\$6700-06/{dollar}1$a佐伯彰一,$d1922-
=880  1\$6700-07/{dollar}1$a桶谷秀昭,$d1932-
=880  1\$6700-08/{dollar}1$a橋川文三,$d1922-1983.
=880  \0$6830-09/{dollar}1$a東洋文庫; ;$v422.
=859  \\$aORR$bJapanKnowledge
=CAT  \\$aW1704-1242$b00$c20170509$lBLL01$h0927
=CAT  \\$aBATCH-UPD$b00$c20170509$lBLL01$h0930
=CAT  \\$aBATCH-UPD$b00$c20170509$lBLL01$h0938
=CAT  \\$aW2003-0365$c20200305$lBLL01$h1101
=FIN  \\$aY$d20170509
=SID  \\$aZ30$bOCLC
=SRC  \\$aJapanKnowledge_2017$bJK_OCLC20170203.mrc
=LAS  \\$aW2003-0365$b00$c20200305$lBLL01$h1101

