=LDR  02650 am a22006254i 4500
=001  018337878
=003  Uk
=005  20170106042848.0
=006  m\\\\\o\\d\\\\\\\\
=007  cr\|||||||||||
=008  160115s2008\\\\ja\\\\\\ob\\\\000\0\jpn\d
=FMT  \\$a  BK
=020  \\$z9784560509265
=020  \\$z4560509263
=035  \\$a(OCoLC)934799053
=040  \\$aSTF$beng$cYUS$dOCLCO$dYUS$dOCLCO$dOCLCF$dUk$erda$epn
=050  \4$aHV6431$b.G397163 2008
=100  10$6880-01,$aGayraud, Jean-François.$eauthor.
=240  10$aTerrorisme.$lJapanese
=245  10$6880-02$aTerorizumu :$brekishi, ruikei, taisakuhō /$cJ=F Geirō, D. Sena cho ; Kisaichi Masatoshi yaku.
=264  \1$6880-03$aTōkyō :$bHakusuisha,$c2008.
=300  \\$a1 online resource.
=336  \\$atext$btxt$2rdacontent
=337  \\$acomputer$bc$2rdamedia
=338  \\$aonline resource$bcr$2rdacarrier
=490  1\$6880-04$aBunko kuseju ;$v926
=500  \\$aTranslation of: Le terrorisme. Paris : Presses universitaires de France, 2006.
=504  \\$aIncludes bibliographical references.
=588  \\$aDescription based on print version record.
=650  07$6880-05$aTerorizumu.$2jlabsh/4
=650  \0$aTerrorism.
=650  \7$aTerrorism.$2fast$0(OCoLC)fst01148101
=700  1\$aSénat, David,$eauthor.
=700  1\$6880-06,$aKisaichi, Masatoshi,$d1948-$etranslator.
=773  0\$tJapanKnowledge
=776  08$6880-07$iPrint version:$aGayraud, Jean-François.$sLe terrorisme. Japanese.$tTerorizumu.$dTōkyō : Hakusuisha, 2008
=830  \0$6880-08$aBunko kuseju$v926.
=856  40$3JapanKnowledge$uhttp://japanknowledge.com/lib/display/?lid=8021009260000$yJapanKnowledge Lib
=880  1\$6100-01$aJ=F.ゲイロー.
=880  10$6245-02$aテロリズム :$b歴史・類型・対策法 /$cJ=F.ゲイロー, D.セナ著 ; 私市正年訳.
=880  \1$6264-03$a東京 :$b白水社,$c2008.
=880  1\$6490-04$a文庫クセジュ ;$v926
=880  07$6650-05$aテロリズム.$2jlabsh/4
=880  1\$6700-06$a私市正年,$d1948-$etranslator.
=880  08$6776-07$iPrint version:$aGayraud, Jean-François.$sLe terrorisme. Japanese.$tテロリズム.$d東京 : 白水社, 2008$w(OCoLC)234137630
=880  \0$6830-08$a文庫クセジュ ;$v926.
=859  \\$aORR$bJapanKnowledge
=CAT  \\$aW1704-1242$b00$c20170509$lBLL01$h0927
=CAT  \\$aBATCH-UPD$b00$c20170509$lBLL01$h0930
=CAT  \\$aBATCH-UPD$b00$c20170509$lBLL01$h0938
=CAT  \\$aW2003-0365$c20200305$lBLL01$h1101
=FIN  \\$aY$d20170509
=SID  \\$aZ30$bOCLC
=SRC  \\$aJapanKnowledge_2017$bJK_OCLC20170203.mrc
=LAS  \\$aW2003-0365$b00$c20200305$lBLL01$h1101

