=LDR  02670 am a22006134i 4500
=001  018337879
=003  Uk
=005  20170106042848.0
=006  m\\\\\o\\d\\\\\\\\
=007  cr\|||||||||||
=008  151112s2000\\\\ja\\\\\\ob\\\\001\0\jpn\d
=FMT  \\$a  BK
=020  \\$z409658049X
=020  \\$z9784096580493
=035  \\$a(OCoLC)928950636
=040  \\$aYUS$beng$cYUS$dOCLCO$dYUS$dOCLCO$dOCL$dYUS$dOCLCO$dUk$erda$epn
=043  \\$aa-ja---
=050  \4$aPL753$b.S59 1994 v. 49
=245  00$6880-01$aChūsei wakashū :$bMimosusogawa utaawase, Kinkai wakashū zatsubu, Gyokuyō wakashū (shō), Fūga wakashū (shō) hoka /$ckōchū, yaku Inoue Muneo.
=264  \1$6880-02$aTōkyō :$bShōgakkan,$c2000.
=300  \\$a1 online resource.
=336  \\$atext$btxt$2rdacontent
=337  \\$acomputer$bc$2rdamedia
=338  \\$aonline resource$bcr$2rdacarrier
=490  1\$6880-03$aShinpen Nihon koten bungaku zenshū ;$v49
=504  \\$6880-04$aIncludes bibliographical references and index.
=505  0\$6880-05$aMimosusogawa utaawase -- Kinkai wakashū zatsubu -- Gyokuyō wakashū (shō) -- Fūga wakashū (shō) hoka.
=588  \\$aDescription based on print version.
=648  \7$a1185-1600$2fast
=650  \0$aJapanese poetry$y1185-1600.
=650  \0$aWaka.
=650  \7$aJapanese poetry.$2fast$0(OCoLC)fst00981898
=650  \7$aWaka.$2fast$0(OCoLC)fst01169959
=700  1\$6880-06$aInoue, Muneo.
=773  0\$tJapanKnowledge
=776  08$iPrint version:$tChūsei wakashū
=830  \0$6880-07$aShinpen Nihon koten bungaku zenshū$v49.
=856  40$3JapanKnowledge$uhttp://japanknowledge.com/lib/display/?lid=80110V00490001$yJapanKnowledge Lib
=880  00$6245-01/{dollar}1$a中世和歌集 :$b御裳濯河歌合, 金槐和歌集雑部, 玉葉和歌集(抄), 風雅和歌集(抄)ほか /$c校注・訳井上宗雄.
=880  \1$6264-02/{dollar}1$a東京 :$b小学館,$c2000.
=880  1\$6490-03/{dollar}1$a新編日本古典文学全集 ;$v49
=880  \\$6504-04/{dollar}1$a参考文献: pages 544-549.
=880  0\$6505-05/{dollar}1$a御裳濯河歌合 -- 金槐和歌集. 雑部 -- 玉葉和歌集 (抄) -- 風雅和歌集 (抄).
=880  1\$6700-06/{dollar}1$a井上宗雄.
=880  \0$6830-07/{dollar}1$a新編日本古典文学全集 ;$v49.
=859  \\$aORR$bJapanKnowledge
=CAT  \\$aW1704-1242$b00$c20170509$lBLL01$h0927
=CAT  \\$aBATCH-UPD$b00$c20170509$lBLL01$h0930
=CAT  \\$aW2003-0365$c20200305$lBLL01$h1101
=CAT  \\$aBATCH-UPD$b00$c20200918$lBLL01$h2045
=FIN  \\$aY$d20170509
=SID  \\$aZ30$bOCLC
=SRC  \\$aJapanKnowledge_2017$bJK_OCLC20170203.mrc
=LAS  \\$aBATCH-UPD$b00$c20200918$lBLL01$h2045

