=LDR  02900 am a22006737i 4500
=001  018337880
=003  Uk
=005  20170106042848.0
=006  m\\\\\o\\d\\\\\\\\
=007  cr\|||||||||||
=008  100420m19731975ja\\\\\\o\\\\\000\0\jpn\d
=FMT  \\$a  BK
=019  \\$a297636997
=035  \\$a(OCoLC)608386655$z(OCoLC)297636997
=040  \\$aOCLCE$beng$cOCLCE$dOCLCQ$dCUS$dOCLCQ$dOCLCO$dOCLCQ$dOCLCO$dYUS$dOCLCO$dYUS$dOCLCO$dOCLCQ$dYUS$dOCLCO$dUk$epn
=041  1\$ajpn$hchi
=042  \\$adlr
=050  \4$aPL779.C3$bS77 1973
=100  0\$6880-01$aHengtangtuishi,$d1711-1778
=240  10$6880-02$aTang shi san bai shou.$lJapanese
=245  10$6880-03$aTōshi sanbyakushu /$cKōtō Taishi hen ; Mekada Makoto yakuchū.
=246  3\$6880-04$aTōshi 300-shu
=246  3\$aTō shi snabyakushu
=250  \\$6880-05$aShohan.
=260  \\$6880-06$aTōkyō :$bHeibonsha,$cShōwa 48-50 [1973-1975]
=300  \\$a1 online resource (3 volumes).
=336  \\$atext$btxt$2rdacontent
=337  \\$acomputer$bc$2rdamedia
=338  \\$aonline resource$bcr$2rdacarrier
=490  1\$6880-07$aTōyō bunko ;$v239, 265, 267
=588  0\$aPrint version record.
=650  \0$aChinese poetry$vTranslations into Japanese.
=650  \0$aJapanese poetry$xTranslations, Chinese.
=700  1\$6880-08$aMekada, Makoto,$d1904-1994
=773  0\$tJapanKnowledge
=776  08$iPrint version:$aHengtangtuishi, 1711-1778.$sTang shi san bai shou. Japanese.$tTōshi sanbyakushu.$bShohan.$dTōkyō : Heibonsha, Shōwa 48-50 [1973-1975]
=830  \0$6880-09$aTōyō bunko$v239, etc.
=856  40$3JapanKnowledge Volume 1$uhttp://japanknowledge.com/lib/display/?lid=80010V0239P0002$yJapanKnowledge Lib
=856  40$3JapanKnowledge Volume 2$uhttp://japanknowledge.com/lib/display/?lid=80010V0265P0002$yJapanKnowledge Lib
=856  40$3JapanKnowledge Volume 3$uhttp://japanknowledge.com/lib/display/?lid=80010V0267P0002$yJapanKnowledge Lib
=880  0\$6100-01/{dollar}1$a衡塘退士,$d1711-1778.
=880  10$6240-02/{dollar}1$a唐詩三百首.$lJapanese
=880  10$6245-03/{dollar}1$a唐詩三百首 /$c蘅塘退士編 ; 目加田誠訳注.
=880  3\$6246-04/{dollar}1$a唐詩300首
=880  \\$6250-05/{dollar}1$a初版.
=880  \\$6260-06/{dollar}1$a東京 :$b平凡社,$c昭和48-50 [1973-1975]
=880  1\$6490-07/{dollar}1$a東洋文庫 ;$v239, 265, 267
=880  1\$6700-08/{dollar}1$a目加田誠,$d1904-
=880  \0$6830-09/{dollar}1$a東洋文庫 ;$v239, etc.
=859  \\$aORR$bJapanKnowledge
=CAT  \\$aW1704-1242$b00$c20170509$lBLL01$h0927
=CAT  \\$aBATCH-UPD$b00$c20170509$lBLL01$h0930
=CAT  \\$aBATCH-UPD$b00$c20170509$lBLL01$h0938
=CAT  \\$aBATCH-UPD$b00$c20170623$lBLL01$h2024
=CAT  \\$aW2003-0365$c20200305$lBLL01$h1101
=FIN  \\$aY$d20170509
=SID  \\$aZ30$bOCLC
=SRC  \\$aJapanKnowledge_2017$bJK_OCLC20170203.mrc
=LAS  \\$aW2003-0365$b00$c20200305$lBLL01$h1101

