=LDR  02752 am a22006974i 4500
=001  018337881
=003  Uk
=005  20170106042849.0
=006  m\\\\\o\\d\\\\\\\\
=007  cr\|||||||||||
=008  151112s1996\\\\ja\a\\\\ob\\\\001\0\jpn\d
=FMT  \\$a  BK
=020  \\$z4096580341
=020  \\$z9784096580349
=035  \\$a(OCoLC)928950492
=040  \\$aYUS$beng$cYUS$dOCLCO$dYUS$dOCLCO$dOCL$dYUS$dOCLCO$dUk$erda$epn
=043  \\$aa-ja---
=050  \4$aDS856$b.O38 1996
=245  00$6880-01$aŌkagami /$ckōchū, yaku Tachibana Kenji. Katō Shizuko.
=264  \1$6880-02$aTōkyō :$bShōgakkan,$c1996.
=300  \\$a1 online resource.
=336  \\$atext$btxt$2rdacontent
=337  \\$acomputer$bc$2rdamedia
=338  \\$aonline resource$bcr$2rdacarrier
=490  1\$6880-03$aShinpen Nihon koten bungaku zenshū ;$v34
=500  \\$aVariously ascribed to Fujiwara Tamenari, Fujiwara Yoshinobu and others.
=504  \\$aIncludes bibliographical references (pages 468-470) and index.
=588  \\$aDescription based on print version.
=630  00$6880-04$aŌkagami
=630  07$aŌkagami.$2fast$0(OCoLC)fst01361334
=648  \7$a794-1185$2fast
=651  \0$aJapan$xHistory$yHeian period, 794-1185.
=651  \7$aJapan.$2fast$0(OCoLC)fst01204082
=655  \7$aHistory.$2fast$0(OCoLC)fst01411628
=700  1\$6880-05$aFujiwara, Tamenari,$dactive 12th century
=700  1\$6880-06$aFujiwara, Yoshinobu,$d995-1065
=700  1\$6880-07$aTachibana, Kenji,$d1913-1998
=700  1\$6880-08$aKatō, Shizuko,$d1946-
=773  0\$tJapanKnowledge
=776  08$iPrint version:$tŌkagami
=830  \0$6880-09$aShinpen Nihon koten bungaku zenshū$v34.
=856  40$3JapanKnowledge$uhttp://japanknowledge.com/lib/display/?lid=80110V00340011$yJapanKnowledge Lib
=880  00$6245-01/{dollar}1$a大鏡 /$c校注・訳 橘健二, 加藤静子.
=880  \1$6264-02/{dollar}1$a東京 :$b小学館,$c1996.
=880  1\$6490-03/{dollar}1$a新編日本古典文学全集 ;$v34
=880  04$6630-04/{dollar}1$a大鏡.
=880  1\$6700-05/{dollar}1$a藤原為業,$dactive 12th century.
=880  1\$6700-06/{dollar}1$a藤原能信,$d995-1065.
=880  1\$6700-07/{dollar}1$a橘健二,$d1913-1998.
=880  1\$6700-08/{dollar}1$a加藤静子,$d1946-
=880  \0$6830-09/{dollar}1$a新編日本古典文学全集 ;$v34.
=859  \\$aORR$bJapanKnowledge
=CAT  \\$aW1704-1242$b00$c20170509$lBLL01$h0927
=CAT  \\$aBATCH-UPD$b00$c20170509$lBLL01$h0930
=CAT  \\$aBATCH-UPD$b00$c20170509$lBLL01$h0938
=CAT  \\$aW2003-0365$c20200305$lBLL01$h1101
=CAT  \\$aBATCH-UPD$b00$c20200918$lBLL01$h2045
=FIN  \\$aY$d20170509
=SID  \\$aZ30$bOCLC
=SRC  \\$aJapanKnowledge_2017$bJK_OCLC20170203.mrc
=LAS  \\$aBATCH-UPD$b00$c20200918$lBLL01$h2045

