=LDR  02545 am a22006377a 4500
=001  018337882
=003  Uk
=005  20170106042849.0
=006  m\\\\\o\\d\\\\\\\\
=007  cr\|||||||||||
=008  100629s1980\\\\ja\a\\\\o\\\\\000\0\jpn\d
=FMT  \\$a  BK
=035  \\$a(OCoLC)644844506
=040  \\$aOCLCE$beng$cOCLCE$dCUS$dOCLCO$dOCLCQ$dOCLCF$dOCLCA$dYUS$dOCLCO$dYUS$dOCLCO$dOCLCQ$dYUS$dOCLCO$dUk$epn
=042  \\$adlr
=050  \4$aAC145$b.T75 v.387, 390
=100  1\$6880-01$aYan, Tianzhang.
=240  10$6880-02$aXuan xuan qi jing.$lJapanese
=245  10$6880-03$aGengen gokyōshū /$cGo Seigen kaisetsu.
=250  \\$6880-04$aShohan.
=260  \\$6880-05$aTōkyō :$bHeibonsha,$c1980.
=300  \\$a1 online resource (2 volumes) :$billustrations.
=336  \\$atext$btxt$2rdacontent
=337  \\$acomputer$bc$2rdamedia
=338  \\$aonline resource$bcr$2rdacarrier
=490  1\$6880-06$aTōyō bunko ;$v387, 390
=588  0\$aPrint version record.
=650  \0$aGo (Game) problems.
=650  \7$aGo (Game) problems.$2fast$0(OCoLC)fst00943928
=700  1\$6880-07$aYu, Ji,$d1272-1348
=700  1\$6880-08$aGo, Seigen,$d1914-2014
=740  0\$6880-09$aGengen gokyō shū.
=773  0\$tJapanKnowledge
=776  08$iPrint version:$aYan, Tianzhang.$sXuan xuan qi jing. Japanese.$tGengen gokyōshū.$bShohan.$dTōkyō : Heibonsha, 1980
=830  \0$6880-10$aTōyō bunko$v387, 390.
=856  40$3JapanKnowledge Volume 1$uhttp://japanknowledge.com/lib/display/?lid=80010V0387P0002$yJapanKnowledge Lib
=856  40$3JapanKnowledge Volume 2$uhttp://japanknowledge.com/lib/display/?lid=80010V0390P0002$yJapanKnowledge Lib
=880  1\$6100-01/{dollar}1$a晏天章.
=880  10$6240-02/{dollar}1$a玄玄棊経.$lJapanese
=880  10$6245-03/{dollar}1$a玄玄碁経集 /$c呉清源解說.
=880  \\$6250-04/{dollar}1$a初版.
=880  \\$6260-05/{dollar}1$a東京 :$b平凡社,$c1980.
=880  1\$6490-06/{dollar}1$a東洋文庫 ;$v387, 390
=880  1\$6700-07/{dollar}1$a虞集,$d1272-1348.
=880  1\$6700-08/{dollar}1$a呉清源,$d1914-
=880  0\$6740-09/{dollar}1$a玄玄碁経集.
=880  \0$6830-10/{dollar}1$a東洋文庫 ;$v387, 390.
=859  \\$aORR$bJapanKnowledge
=CAT  \\$aW1704-1242$b00$c20170509$lBLL01$h0927
=CAT  \\$aBATCH-UPD$b00$c20170509$lBLL01$h0930
=CAT  \\$aBATCH-UPD$b00$c20170509$lBLL01$h0938
=CAT  \\$aW2003-0365$c20200305$lBLL01$h1101
=FIN  \\$aY$d20170509
=SID  \\$aZ30$bOCLC
=SRC  \\$aJapanKnowledge_2017$bJK_OCLC20170203.mrc
=LAS  \\$aW2003-0365$b00$c20200305$lBLL01$h1101

