=LDR  02239 am a2200541 a 4500
=001  018337883
=003  Uk
=005  20170106042849.0
=006  m\\\\\o\\d\\\\\\\\
=007  cr\un|||||||||
=008  120131s1966\\\\ja\\\\\\ob\\\\001\0\jpn\d
=FMT  \\$a  BK
=035  \\$a(OCoLC)774602356
=040  \\$aCUS$beng$cCUS$dOCLCQ$dOCLCF$dOCLCO$dYUS$dOCLCO$dOCLCQ$dYUS$dOCLCO$dOCLCQ$dYUS$dOCLCO$dUk
=050  \4$aBQ2213.J3$bI55 1966
=130  0\$aTripiṭaka.$pSūtrapiṭaka.$pVimalakīrtinirdeśa.$lJapanese.
=245  10$6880-01$aYuimagyō :$bfushigi no satori /$cIshida Mizumaro yaku.
=250  \\$6880-02$aShohan.
=260  \\$6880-03$aTōkyō :$bHeibonsha,$cShōwa 41 [1966]
=300  \\$a1 online resource (2, 268, 16 pages).
=336  \\$atext$btxt$2rdacontent
=337  \\$acomputer$bc$2rdamedia
=338  \\$aonline resource$bcr$2rdacarrier
=490  1\$6880-04$aTōyō bunko ;$v67
=504  \\$aIncludes bibliographical references (pages 267-268) and index.
=588  0\$aPrint version record.
=630  00$aTripiṭaka.$pSūtrapiṭaka.$pVimalakīrtinirdeśa$vCommentaries.
=630  07$aTripiṭaka.$pSūtrapiṭaka.$pVimalakīrtinirdeśa.$2fast$0(OCoLC)fst01361012
=655  \7$aCommentaries.$2fast$0(OCoLC)fst01423723
=700  1\$6880-05$aIshida, Mizumaro.
=773  0\$tJapanKnowledge
=776  08$iPrint version:$tYuimagyō.$bShohan.$dTōkyō : Heibonsha, Shōwa 41 [1966]
=830  \0$6880-06$aTōyō bunko$v67.
=856  40$3JapanKnowledge$uhttp://japanknowledge.com/lib/display/?lid=80010V0067P0002$yJapanKnowledge Lib
=880  10$6245-01/{dollar}1$a維摩経 :$b不思議のさとり /$c石田瑞麿訳.
=880  \\$6250-02/{dollar}1$a初版.
=880  \\$6260-03/{dollar}1$a東京 :$b平凡社,$c昭和 41 [1966]
=880  1\$6490-04/{dollar}1$a東洋文庫 ;$v67
=880  1\$6700-05/{dollar}1$a石田瑞麿.
=880  \0$6830-06/{dollar}1$a東洋文庫 ;$v67.
=859  \\$aORR$bJapanKnowledge
=CAT  \\$aW1704-1242$b00$c20170509$lBLL01$h0927
=CAT  \\$aBATCH-UPD$b00$c20170509$lBLL01$h0930
=CAT  \\$aW2003-0365$c20200305$lBLL01$h1101
=FIN  \\$aY$d20170509
=SID  \\$aZ30$bOCLC
=SRC  \\$aJapanKnowledge_2017$bJK_OCLC20170203.mrc
=LAS  \\$aW2003-0365$b00$c20200305$lBLL01$h1101

