=LDR  02861 am a22006617a 4500
=001  018337884
=003  Uk
=005  20170106042850.0
=006  m\\\\\o\\d\\\\\\\\
=007  cr\|||||||||||
=008  100324m19861988ja\\\\\\ob\\\\000\0\jpn\d
=FMT  \\$a  BK
=019  \\$a301296883
=020  \\$z4582804527$q(v. 1)
=020  \\$z9784582804522$q(v. 1)
=035  \\$a(OCoLC)567969449$z(OCoLC)301296883
=040  \\$aOCLCE$beng$cOCLCE$dOCLCQ$dCUS$dOCLCQ$dOCLCF$dYUS$dOCLCO$dYUS$dOCLCO$dOCLCQ$dYUS$dOCLCO$dUk$epn
=042  \\$adlr
=050  \4$aPL758.2$b.H3 1986
=245  00$6880-01$aHachidaishū /$cOkumura Tsuneya kōchū.
=250  \\$6880-02$aShohan.
=260  \\$6880-03$aTōkyō :$bHeibonsha,$c1986-1988.
=300  \\$a1 online resource (4 volumes).
=336  \\$atext$btxt$2rdacontent
=337  \\$acomputer$bc$2rdamedia
=338  \\$aonline resource$bcr$2rdacarrier
=490  1\$6880-04$aTōyō bunko ;$v452, 459, 469, 490
=504  \\$aIncludes bibliographical references.
=505  8\$aKokin wakashû -- Gosen wakashû -- Shûi wakashû -- Goshûi wakashû -- Kin'yô wakashû -- Shika wakashû -- Senzai wakashû -- Shinkokin wakashû.
=588  0\$aPrint version record.
=648  \7$aTo 1600$2fast
=650  \0$aJapanese poetry$yTo 1600.
=650  \0$aWaka.
=650  \7$aJapanese poetry.$2fast$0(OCoLC)fst00981898
=650  \7$aWaka.$2fast$0(OCoLC)fst01169959
=700  1\$6880-05$aOkumura, Tsuneya,$d1927-1991
=773  0\$tJapanKnowledge
=776  08$iPrint version:$tHachidaishū.$bShohan.$dTōkyō : Heibonsha, 1986-<1987>
=830  \0$6880-06$aTōyō bunko$v452, 459, 469, 490.
=856  40$3JapanKnowledge Volume 1$uhttp://japanknowledge.com/lib/display/?lid=80010V0452P0002$yJapanKnowledge Lib
=856  40$3JapanKnowledge Volume 2$uhttp://japanknowledge.com/lib/display/?lid=80010V0459P0002$yJapanKnowledge Lib
=856  40$3JapanKnowledge Volume 3$uhttp://japanknowledge.com/lib/display/?lid=80010V0469P0002$yJapanKnowledge Lib
=856  40$3JapanKnowledge Volume 4$uhttp://japanknowledge.com/lib/display/?lid=80010V0490P0002$yJapanKnowledge Lib
=880  00$6245-01/{dollar}1$a八代集 /$c奥村恒哉校注.
=880  \\$6250-02/{dollar}1$a初版.
=880  \\$6260-03/{dollar}1$a東京 :$b平凡社,$c1986-1988.
=880  1\$6490-04/{dollar}1$a東洋文庫 ;$v452, 459, 469, 490
=880  1\$6700-05/{dollar}1$a奥村恒哉,$d1927-1991.
=880  \0$6830-06/{dollar}1$a東洋文庫 ;$v452, 459, 469, 490.
=859  \\$aORR$bJapanKnowledge
=CAT  \\$aW1704-1242$b00$c20170509$lBLL01$h0927
=CAT  \\$aBATCH-UPD$b00$c20170509$lBLL01$h0930
=CAT  \\$aBATCH-UPD$b00$c20170509$lBLL01$h0938
=CAT  \\$aW2003-0365$c20200305$lBLL01$h1101
=FIN  \\$aY$d20170509
=SID  \\$aZ30$bOCLC
=SRC  \\$aJapanKnowledge_2017$bJK_OCLC20170203.mrc
=LAS  \\$aW2003-0365$b00$c20200305$lBLL01$h1101

