=LDR  02397 am a22006134i 4500
=001  018337885
=003  Uk
=005  20170106042850.0
=006  m\\\\\o\\d\\\\\\\\
=007  cr\|||||||||||
=008  151214s1988\\\\ja\\\\\\ob\\\\000\0\jpn\d
=FMT  \\$a  BK
=020  \\$z4560056900
=020  \\$z9784560056905
=035  \\$a(OCoLC)932129338
=040  \\$aCNEAL$beng$cYUS$dOCLCO$dUk$erda$epn
=041  1\$ajpn$hfre
=050  \4$aP91$b.E8163 1988
=100  1\$aEscarpit, Robert,$d1918-2000,$eauthor.
=240  10$aL'écrit et la communication.$lJapanese
=245  10$6880-01$aMonji to komyunikēshon /$cRobēru Esukarupi ; Suematsu Hisashi yaku.
=246  3\$aMoji to komyunikēshon
=264  \1$6880-02$aTōkyō :$bHakusuisha,$c1988.
=300  \\$a1 online resource.
=336  \\$atext$btxt$2rdacontent
=337  \\$acomputer$bc$2rdamedia
=338  \\$aonline resource$bcr$2rdacarrier
=490  1\$6880-03$aBunko kuseju ;$v690
=500  \\$aTranslation of: L'écrit et la communication / Robert Escarpit. Presses Univerisitaires de France, 1973. (Que sais-je? ; No. 1546).
=504  \\$aIncludes bibliographical references (pages i-iii (2nd group)).
=588  \\$aDescription based on print version.
=650  \0$aCommunication.
=650  \0$aWriting.
=650  \7$aCommunication.$2fast$0(OCoLC)fst00869952
=650  \7$aWriting.$2fast$0(OCoLC)fst01181638
=700  1\$6880-04$aSuematsu, Hisashi,$d1939-
=773  0\$tJapanKnowledge
=776  08$iPrint version:$tMonji to komyunikēshon.
=830  \0$6880-05$aBunko kuseju$v690.
=856  40$3JapanKnowledge$uhttp://japanknowledge.com/lib/display/?lid=8021006900000$yJapanKnowledge Lib
=880  10$6245-01/{dollar}1$a文字とコミュニケーション /$cロベール. エスカルピ ; 末松壽訳.
=880  \1$6264-02/{dollar}1$a東京 :$b白水社,$c1988.
=880  1\$6490-03/{dollar}1$a文庫クセジュ ;$v690
=880  1\$6700-04/{dollar}1$a末松壽,$d1939-
=880  \0$6830-05/{dollar}1$a文庫クセジュ ;$v690.
=859  \\$aORR$bJapanKnowledge
=CAT  \\$aW1704-1242$b00$c20170509$lBLL01$h0927
=CAT  \\$aBATCH-UPD$b00$c20170509$lBLL01$h0930
=CAT  \\$aBATCH-UPD$b00$c20170509$lBLL01$h0938
=CAT  \\$aW2003-0365$c20200305$lBLL01$h1101
=FIN  \\$aY$d20170509
=SID  \\$aZ30$bOCLC
=SRC  \\$aJapanKnowledge_2017$bJK_OCLC20170203.mrc
=LAS  \\$aW2003-0365$b00$c20200305$lBLL01$h1101

