=LDR  02326 am a22006014i 4500
=001  018337886
=003  Uk
=005  20170106042850.0
=006  m\\\\\o\\d\\\\\\\\
=007  cr\|||||||||||
=008  151117s2005\\\\ja\\\\\gob\\\\000\0\jpn\d
=FMT  \\$a  BK
=020  \\$z4560508895
=020  \\$z9784560508893
=035  \\$a(OCoLC)929688291
=040  \\$aWTU$beng$cYUS$dOCLCO$dYUS$dOCLCO$dOCLCF$dOCLCO$dUk$erda$epn
=041  1\$ajpn$hfre
=100  1\$aAndré-Salvini, Béatrice,$eauthor.
=240  10$aBabylone.$lJapanese
=245  10$6880-01$aBabiron /$cBeatorisu Andore Saruvini cho ; Saitō Kagumi yaku.
=264  \1$6880-02$aTōkyō :$bHakusuisha,$c2005.
=300  \\$a1 online resource.
=336  \\$atext$btxt$2rdacontent
=337  \\$acomputer$bc$2rdamedia
=338  \\$aonline resource$bcr$2rdacarrier
=490  1\$6880-03$aBunko kuseju ;$v889
=504  \\$aIncludes bibliographical references.
=588  \\$aDescription based on print version.
=650  \0$aCivilization, Assyro-Babylonian.
=650  \7$aCivilization, Assyro-Babylonian.$2fast$0(OCoLC)fst00862983
=651  \0$aBabylonia$xHistory.
=651  \7$aMiddle East$zBabylonia.$2fast$0(OCoLC)fst01219361
=655  \7$aHistory.$2fast$0(OCoLC)fst01411628
=700  1\$6880-04$aSaito, Kagumi,$d1964-$etranslator.
=700  1\$iTranslation of:$aAndré-Salvini, Béatrice.$tBabylone.
=773  0\$tJapanKnowledge
=776  08$iPrint version:$tBabiron.
=830  \0$6880-05$aBunko kuseju$v889.
=856  40$3JapanKnowledge$uhttp://japanknowledge.com/lib/display/?lid=8021008890000$yJapanKnowledge Lib
=880  10$6245-01$aバビロン /$cベアトリス・アンドレ=サルヴィニ著 ; 斎藤かぐみ訳.
=880  \1$6264-02$a東京 :$b白水社,$c2005.
=880  1\$6490-03$a文庫クセジュ ;$v889
=880  1\$6700-04$a斎藤かぐみ,$d1964-$etranslator.
=880  \0$6830-05$a文庫クセジュ ;$v889.
=859  \\$aORR$bJapanKnowledge
=CAT  \\$aW1704-1242$b00$c20170509$lBLL01$h0927
=CAT  \\$aBATCH-UPD$b00$c20170509$lBLL01$h0930
=CAT  \\$aW2003-0365$c20200305$lBLL01$h1101
=CAT  \\$aBATCH-UPD$b00$c20210813$lBLL01$h2119
=FIN  \\$aY$d20170509
=SID  \\$aZ30$bOCLC
=SRC  \\$aJapanKnowledge_2017$bJK_OCLC20170203.mrc
=LAS  \\$aBATCH-UPD$b00$c20210813$lBLL01$h2119

