=LDR  03235 am a22007937a 4500
=001  018337887
=003  Uk
=005  20170106042851.0
=006  m\\\\\o\\d\\\\\\\\
=007  cr\|||||||||||
=008  111013r19891935ja\b\\\\ob\\\\001\0bjpn\d
=FMT  \\$a  BK
=019  \\$a649489392
=020  \\$z4582805094
=020  \\$z9784582805093
=035  \\$a(OCoLC)757136111$z(OCoLC)649489392
=040  \\$aOCLCE$beng$cOCLCE$dCUS$dOCLCQ$dOCLCA$dOCLCQ$dOCLCO$dOCLCQ$dOCLCO$dOCLCF$dYUS$dOCLCO$dYUS$dOCLCO$dOCLCA$dOCLCQ$dOCLCO$dYUS$dOCLCO$dUk$epn
=041  0\$ajpn$achi
=042  \\$adlr
=043  \\$aa-cc---$ama-----
=050  \4$aHF3838.A782$bK89 1989
=100  1\$6880-01$aKuwabara, Jitsuzō,$d1870-1931
=245  10$6880-02$aBu Jukō no jiseki /$c[chosha] Kuwabara Jitsuzō ; Miyazaki Ichisada kaisetsu.
=246  10$aHo Jukō no jiseki
=250  \\$6880-03$aShohan.
=260  \\$6880-04$aTōkyō :$bHeibonsha,$c1989.
=300  \\$a1 online resource (338, pages) :$bmap.
=336  \\$atext$btxt$2rdacontent
=337  \\$acomputer$bc$2rdamedia
=338  \\$aonline resource$bcr$2rdacarrier
=490  1\$6880-05$aTōyō bunko ;$v509
=504  \\$aIncludes bibliographical references and index.
=588  0\$aPrint version record.
=600  10$6880-06$aPu, Shougeng,$dactive 13th century
=600  17$aPu, Shougeng,$dactive 13th century$2fast$0(OCoLC)fst01842468
=650  \0$aCustoms administration$zChina.
=650  \0$aMuslims$zChina.
=650  \7$aCustoms administration.$2fast$0(OCoLC)fst00885571
=650  \7$aEmployees.$2fast$0(OCoLC)fst00909111
=650  \7$aInternational relations.$2fast$0(OCoLC)fst00977053
=650  \7$aMuslims.$2fast$0(OCoLC)fst01031029
=651  \0$aArab countries$xRelations$zChina.
=651  \0$aChina$xOfficials and employees$vBiography.
=651  \0$aChina$xRelations$zArab countries.
=651  \7$aArab countries.$2fast$0(OCoLC)fst01240128
=651  \7$aChina.$2fast$0(OCoLC)fst01206073
=655  \7$aBiography.$2fast$0(OCoLC)fst01423686
=700  1\$6880-07$aMiyazaki, Ichisada,$d1901-1995
=773  0\$tJapanKnowledge
=776  08$iPrint version:$aKuwabara, Jitsuzō, 1870-1931.$tBu Jukō no jiseki.$bShohan.$dTōkyō : Heibonsha, 1989$z4582805094
=830  \0$6880-08$aTōyō bunko$v509.
=856  40$3JapanKnowledge$uhttp://japanknowledge.com/lib/display/?lid=80010V0509P0002$yJapanKnowledge Lib
=880  1\$6100-01/{dollar}1$a桑原隲蔵,$d1870-1931.
=880  10$6245-02/{dollar}1$a蒲寿庚の事蹟 /$c[著者]桑原隲蔵 ; 宮崎市定解說.
=880  \\$6250-03/{dollar}1$a初版.
=880  \\$6260-04/{dollar}1$a東京 :$b平凡社,$c1989.
=880  1\$6490-05/{dollar}1$a東洋文庫 ;$v509
=880  14$6600-06/{dollar}1$a蒲寿庚,$dactive 13th century.
=880  1\$6700-07/{dollar}1$a宮崎市定,$d1901-
=880  \0$6830-08/{dollar}1$a東洋文庫 ;$v509.
=859  \\$aORR$bJapanKnowledge
=CAT  \\$aW1704-1242$b00$c20170509$lBLL01$h0927
=CAT  \\$aBATCH-UPD$b00$c20170509$lBLL01$h0930
=CAT  \\$aBATCH-UPD$b00$c20170509$lBLL01$h0938
=CAT  \\$aW2003-0365$c20200305$lBLL01$h1101
=FIN  \\$aY$d20170509
=SID  \\$aZ30$bOCLC
=SRC  \\$aJapanKnowledge_2017$bJK_OCLC20170203.mrc
=LAS  \\$aW2003-0365$b00$c20200305$lBLL01$h1101

