=LDR  03820 am a22008897a 4500
=001  018337888
=003  Uk
=005  20170106042851.0
=006  m\\\\\o\\d\\\\\\\\
=007  cr\|||||||||||
=008  100626m19631978ja\a\\\\ob\\\\001\0\jpn\d
=FMT  \\$a  BK
=019  \\$a300845967
=020  \\$z4582800041
=020  \\$z4582800351
=020  \\$z4582800653
=020  \\$z4582801641
=020  \\$z458280330X
=020  \\$z9784582800043
=020  \\$z9784582800357
=020  \\$z9784582800654
=020  \\$z9784582801644
=020  \\$z9784582803303
=035  \\$a(OCoLC)644037197$z(OCoLC)300845967
=040  \\$aOCLCE$beng$cOCLCE$dOCLCQ$dOCLCO$dOCLCA$dCUS$dOCLCQ$dOCLCF$dYUS$dOCLCO$dYUS$dOCLCO$dOCLCQ$dYUS$dOCLCO$dUk$epn
=041  1\$ajpn$hpor
=042  \\$adlr
=043  \\$aa-ja---
=050  \4$aDS869.5$b.F7616 1963
=084  \\$a210.48$2njb
=100  1\$aFróis, Luís,$d-1597.
=240  10$aHistória de Japão.$lJapanese
=245  10$6880-01$aNihon shi :$bKirishitan denrai no koro /$cRuisu Furoisu ; Yanagiya Takeo yaku.
=250  \\$6880-02$aShohan.
=260  \\$6880-03$aTōkyō :$bHeibonsha,$cShōwa 38-53 [1963-1978]
=300  \\$a1 online resource (5 volumes) :$billustrations.
=336  \\$atext$btxt$2rdacontent
=337  \\$acomputer$bc$2rdamedia
=338  \\$aonline resource$bcr$2rdacarrier
=490  1\$6880-04$aTōyō bunko ;$v4, 35, 65, 164, 330
=500  \\$aTranslation of: Historia de Japam.
=504  \\$aIncludes bibliographical references and index.
=588  0\$aPrint version record.
=610  20$aJesuits$zJapan$xHistory.
=610  27$aJesuits$2fast$0(OCoLC)fst00532143
=648  \7$aTo 1868$2fast
=651  \0$aJapan$xChurch history$yTo 1868.
=651  \0$aJapan$xHistory$yAzuchi-Momoyama period, 1568-1603.
=651  \7$aJapan.$2fast$0(OCoLC)fst01204082
=653  \\$6880-05$aNihon$aRekishi$aAzuchimomoyamajidai.
=653  \\$6880-06$aKatorikkukyōkai$aNihon$aRekishi$aAzuchimomoyamajidai.
=655  \7$aChurch history.$2fast$0(OCoLC)fst01411629
=655  \7$aHistory.$2fast$0(OCoLC)fst01411628
=773  0\$tJapanKnowledge
=776  08$iPrint version:$aFróis, Luís, -1597.$sHistória de Japão. Japanese.$tNihon shi.$bShohan.$dTōkyō : Heibonsha, Shōwa 38-53 [1963-1978]
=830  \0$6880-07$aTōyō bunko$v35, etc.
=856  40$3JapanKnowledge Volume 1$uhttp://japanknowledge.com/lib/display/?lid=80010V0004P0002$yJapanKnowledge Lib
=856  40$3JapanKnowledge Volume 2$uhttp://japanknowledge.com/lib/display/?lid=80010V0035P0002$yJapanKnowledge Lib
=856  40$3JapanKnowledge Volume 3$uhttp://japanknowledge.com/lib/display/?lid=80010V0065P0002$yJapanKnowledge Lib
=856  40$3JapanKnowledge Volume 4$uhttp://japanknowledge.com/lib/display/?lid=80010V0164P0003$yJapanKnowledge Lib
=856  40$3JapanKnowledge Volume 5$uhttp://japanknowledge.com/lib/display/?lid=80010V0330P0002$yJapanKnowledge Lib
=880  10$6245-01/{dollar}1$a日本史 :$bキリシタン伝来のころ /$cルイス・フロイス ; 柳谷武夫訳.
=880  \\$6250-02/{dollar}1$a初版.
=880  \\$6260-03/{dollar}1$a東京 :$b平凡社,$c昭和 38-53 [1963-1978]
=880  1\$6490-04/{dollar}1$a東洋文庫 ;$v4, 35, 65, 164, 330
=880  \\$6653-05/{dollar}1$a日本$a歴史$a安土桃山時代.
=880  \\$6653-06/{dollar}1$aカトリック敎会$a日本$a歴史$a安土桃山時代.
=880  1\$6700-00/{dollar}1$a柳谷武夫,$d1904-
=880  \0$6830-07/{dollar}1$a東洋文庫 ;$v35, etc.
=859  \\$aORR$bJapanKnowledge
=CAT  \\$aW1704-1242$b00$c20170509$lBLL01$h0927
=CAT  \\$aBATCH-UPD$b00$c20170509$lBLL01$h0930
=CAT  \\$aW2003-0365$c20200305$lBLL01$h1101
=FIN  \\$aY$d20170509
=SID  \\$aZ30$bOCLC
=SRC  \\$aJapanKnowledge_2017$bJK_OCLC20170203.mrc
=LAS  \\$aW2003-0365$b00$c20200305$lBLL01$h1101

