=LDR  02055 am a22005534i 4500
=001  018337889
=003  Uk
=005  20170106042851.0
=006  m\\\\\o\\d\\\\\\\\
=007  cr\|||||||||||
=008  151113s2003\\\\ja\\\\\\o\\\\\000\0\jpn\d
=FMT  \\$a  BK
=020  \\$z4560058601
=020  \\$z9784560058602
=035  \\$a(OCoLC)929031324
=040  \\$aCNEAL$beng$cYUS$dOCLCO$dYUS$dOCLCO$dOCLCF$dUk$erda$epn
=041  1\$ajpn$hfre
=050  \4$aGB601$b.G55165 2003
=100  1\$aGilli, Éric,$eauthor.
=240  10$aExploration sp̌ľologique et ses techniques.$lJapanese
=245  10$6880-01$aDōkutsu tanken nyūmon /$cErikku Jirri cho ; Honda Tsutomu yaku.
=264  \1$6880-02$aTōkyō :$bHakusuisha,$c2003.
=300  \\$a1 online resource.
=336  \\$atext$btxt$2rdacontent
=337  \\$acomputer$bc$2rdamedia
=338  \\$aonline resource$bcr$2rdacarrier
=490  1\$6880-03$aBunko kuseju ;$v860
=500  \\$aTranslation of: L'exploration sp̌ľologique et ses techniques.
=588  \\$aDescription based on print version.
=650  \0$aSpeleology.
=650  \7$aSpeleology.$2fast$0(OCoLC)fst01129489
=700  1\$6880-04$aHonda, Tsutomu.
=773  0\$tJapanKnowledge
=776  08$iPrint version:$tDokutsu tanken nyumon
=830  \0$6880-05$aBunko kuseju$v860.
=856  40$3JapanKnowledge$uhttp://japanknowledge.com/lib/display/?lid=8021008600000$yJapanKnowledge Lib
=880  10$6245-01/{dollar}1$a洞窟探検入門 /$cエリック・ジッリ著 ; 本多力訳.
=880  \1$6264-02/{dollar}1$a東京 :$b白水社,$c2003.
=880  1\$6490-03/{dollar}1$a文庫クセジュ ;$v860
=880  1\$6700-04/{dollar}1$a本多, 力.
=880  \0$6830-05/{dollar}1$a文庫クセジュ ;$v860.
=859  \\$aORR$bJapanKnowledge
=CAT  \\$aW1704-1242$b00$c20170509$lBLL01$h0927
=CAT  \\$aBATCH-UPD$b00$c20170509$lBLL01$h0930
=CAT  \\$aW2003-0365$c20200305$lBLL01$h1101
=FIN  \\$aY$d20170509
=SID  \\$aZ30$bOCLC
=SRC  \\$aJapanKnowledge_2017$bJK_OCLC20170203.mrc
=LAS  \\$aW2003-0365$b00$c20200305$lBLL01$h1101

