=LDR  02085 am a22005297a 4500
=001  018337890
=003  Uk
=005  20170106042852.0
=006  m\\\\\o\\d\\\\\\\\
=007  cr\|||||||||||
=008  100630s1972\\\\ja\af\\\o\\\\\000\0\jpn\d
=FMT  \\$a  BK
=019  \\$a297921840
=035  \\$a(OCoLC)645378098$z(OCoLC)297921840
=040  \\$aOCLCE$beng$cOCLCE$dOCLCQ$dOCLCO$dCUS$dOCLCF$dOCLCO$dYUS$dOCLCO$dYUS$dOCLCO$dOCLCQ$dYUS$dOCLCO$dUk$epn
=042  \\$adlr
=050  \4$aPL2268.A53$bK6
=100  1\$6880-01$aAoki, Masaru,$d1887-1964
=245  10$6880-02$aKōnan shun /$cAoki Masaru cho.
=260  \\$6880-03$aTōkyō :$bHeibonsha,$c1972.
=300  \\$a1 online resource (viii, 294 pages, [3] leaves of plates) :$billustrations.
=336  \\$atext$btxt$2rdacontent
=337  \\$acomputer$bc$2rdamedia
=338  \\$aonline resource$bcr$2rdacarrier
=490  1\$6880-04$aTōyō bunko ;$v217
=588  0\$aPrint version record.
=650  \0$aChinese literature$xHistory and criticism.
=650  \7$aChinese literature.$2fast$0(OCoLC)fst00857595
=655  \7$aCriticism, interpretation, etc.$2fast$0(OCoLC)fst01411635
=773  0\$tJapanKnowledge
=776  08$iPrint version:$aAoki, Masaru, 1887-1964.$tKōnan shun.$dTōkyō : Heibonsha, 1972
=830  \0$6880-05$aTōyō bunko$v217.
=856  40$3JapanKnowledge$uhttp://japanknowledge.com/lib/display/?lid=80010V0217P0005$yJapanKnowledge Lib
=880  1\$6100-01/{dollar}1$a青木正児,$d1887-1964.
=880  10$6245-02/{dollar}1$a江南春 /$c青木正児著.
=880  \\$6260-03/{dollar}1$a東京 :$b平凡社,$c1972.
=880  1\$6490-04/{dollar}1$a東洋文庫 ;$v217
=880  \0$6830-05/{dollar}1$a東洋文庫 ;$v217.
=859  \\$aORR$bJapanKnowledge
=CAT  \\$aW1704-1242$b00$c20170509$lBLL01$h0927
=CAT  \\$aBATCH-UPD$b00$c20170509$lBLL01$h0930
=CAT  \\$aBATCH-UPD$b00$c20170509$lBLL01$h0938
=CAT  \\$aW2003-0365$c20200305$lBLL01$h1101
=FIN  \\$aY$d20170509
=SID  \\$aZ30$bOCLC
=SRC  \\$aJapanKnowledge_2017$bJK_OCLC20170203.mrc
=LAS  \\$aW2003-0365$b00$c20200305$lBLL01$h1101

