=LDR  03074 am a22005894i 4500
=001  018337891
=003  Uk
=005  20170106042852.0
=006  m\\\\\o\\d\\\\\\\\
=007  cr\|||||||||||
=008  151117s2008\\\\ja\\\\\\o\\\\\000\0\jpn\d
=FMT  \\$a  BK
=035  \\$a(OCoLC)929668896
=040  \\$aYUS$beng$cYUS$dYUS$dOCLCO$dOCLCF$dUk$erda
=043  \\$aa-ja---
=050  \4$aDS835
=245  00$6880-01$aDare de mo yomeru Nihon shi nenpyō /$cYoshikawa Kōbunkan.
=246  10$6880-02$aNihon shi nenpyō
=264  \1$6880-03$aTōkyō :$bNetAdvance Inc.,$c2008.
=300  \\$a1 online resource
=336  \\$atext$btxt$2rdacontent
=337  \\$acomputer$bc$2rdamedia
=338  \\$aonline resource$bcr$2rdacarrier
=588  \\$aDescription based on online resource; title from search contents (viewed November 17, 2015).
=651  \0$aJapan$xHistory.
=651  \7$aJapan.$2fast$0(OCoLC)fst01204082
=655  \7$aHistory.$2fast$0(OCoLC)fst01411628
=710  2\$6880-04$aYoshikawa Kōbunkan.
=773  0\$tJapanKnowledge
=786  08$6880-05$tDare de mo yomeru Nihon kodaishi nenpyō.$dTōkyō : Yoshikawa Kōbunkan, 2006$z4642014365
=786  08$6880-06$tDare de mo yomeru, furi-ganatsuki, Nihon chūseishi nenpyō.$dTōkyō : Yoshikawa Kōbunkan, 2007$z9784642014397
=786  08$6880-07$tDare de mo yomeru Nihon kinseishi nenpyō.$dTōkyō : Yoshikawa Kōbunkan, 2007$z9784642014410
=786  08$6880-08$tDare de mo yomeru Nihon kindaishi nenpyō.$dTōkyō : Yoshikawa Kōbunkan, 2008$z9784642014458
=786  08$6880-09$tDare de mo yomeru Nihon gendaishi nenpyō.$bDai 1-han.$dTōkyō : Yoshikawa Kōbunkan, 2008$z9784642014465
=856  40$3JapanKnowledge$uhttp://japanknowledge.com/lib/search/basic/?cids=30030$yJapanKnowledge Lib
=880  00$6245-01/{dollar}1$a誰でも読める日本史年表 /$c吉川弘文館.
=880  10$6246-02/{dollar}1$a日本史年表
=880  \1$6264-03/{dollar}1$a東京 :$bNetAdvance Inc.,$c2008.
=880  2\$6710-04/{dollar}1$a吉川弘文館
=880  08$6786-05/{dollar}1$t誰でも読める日本史古代史年表.$d東京 : 吉川弘文館, 2006$z4642014365$w(DLC) 2007338448$w(OCoLC)76890382
=880  08$6786-06/{dollar}1$t誰でも読めるふりがな付き日本史中世史年表.$d東京 : 吉川弘文館, 2007$z9784642014397$w(OCoLC)173606433
=880  08$6786-07/{dollar}1$t誰でも読める日本史近世史年表.$d東京 : 吉川弘文館, 2007$z9784642014410$w(OCoLC)182737072
=880  08$6786-08/{dollar}1$t誰でも読める日本史近代史年表.$d東京 : 吉川弘文館, 2008$z9784642014458$w(OCoLC)239848771
=880  08$6786-09/{dollar}1$t誰でも読める日本史現代史年表.$d東京 : 吉川弘文館, 2008$z9784642014465$w(OCoLC)261349769
=859  \\$aORR$bJapanKnowledge
=CAT  \\$aW1704-1242$b00$c20170509$lBLL01$h0927
=CAT  \\$aBATCH-UPD$b00$c20170509$lBLL01$h0930
=CAT  \\$aW2003-0365$c20200305$lBLL01$h1101
=FIN  \\$aY$d20170509
=SID  \\$aZ30$bOCLC
=SRC  \\$aJapanKnowledge_2017$bJK_OCLC20170203.mrc
=LAS  \\$aW2003-0365$b00$c20200305$lBLL01$h1101

