=LDR  02461 am a22006377a 4500
=001  018337892
=003  Uk
=005  20170106042852.0
=006  m\\\\\o\\d\\\\\\\\
=007  cr\|||||||||||
=008  101107r19881959ja\a\\\\o\\\\\000\0\jpn\d
=FMT  \\$a  BK
=019  \\$a647650298$a658117444
=020  \\$z4582804799
=020  \\$z9784582804799
=035  \\$a(OCoLC)679588496$z(OCoLC)647650298$z(OCoLC)658117444
=040  \\$aOCLCE$beng$cOCLCE$dOCLCQ$dCUS$dOCLCQ$dOCLCF$dYUS$dOCLCO$dYUS$dOCLCO$dOCLCQ$dYUS$dOCLCO$dUk$epn
=042  \\$adlr
=043  \\$aa-cc---
=050  \4$aPL1489$b.A6 1988
=100  1\$6880-01$aAoki, Masaru,$d1887-1964
=245  10$6880-02$aChūka meibutsu kō /$cAoki Masaru.
=250  \\$6880-03$aShohan.
=260  \\$6880-04$aTōkyō :$bHeibonsha,$c1988.
=300  \\$a1 online resource (314 pages) :$billustrations.
=336  \\$atext$btxt$2rdacontent
=337  \\$acomputer$bc$2rdamedia
=338  \\$aonline resource$bcr$2rdacarrier
=490  1\$6880-05$aTōyō bunko ;$v479
=534  \\$pReprint. Originally published :$cToōkyō : Shunjūsha, Shōwa 34 [1959].
=588  0\$aPrint version record.
=650  \0$aChinese language$vTerms and phrases.
=650  \0$aFolklore$zChina.
=650  \7$aChinese language.$2fast$0(OCoLC)fst00857383
=650  \7$aFolklore.$2fast$0(OCoLC)fst00930306
=651  \7$aChina.$2fast$0(OCoLC)fst01206073
=655  \7$aTerms and phrases.$2fast$0(OCoLC)fst01423862
=773  0\$tJapanKnowledge
=776  08$iPrint version:$aAoki, Masaru, 1887-1964.$tChūka meibutsukō.$bShohan.$dTōkyō : Heibonsha, 1988
=830  \0$6880-06$aTōyō bunko$v479.
=856  40$3JapanKnowledge$uhttp://japanknowledge.com/lib/display/?lid=80010V0479P0002$yJapanKnowledge Lib
=880  1\$6100-01/{dollar}1$a青木正児,$d1887-1964.
=880  10$6245-02/{dollar}1$a中華名物考 /$c青木正児.
=880  \\$6250-03/{dollar}1$a初版.
=880  \\$6260-04/{dollar}1$a東京 :$b平凡社,$c1988.
=880  1\$6490-05/{dollar}1$a東洋文庫 ;$v479
=880  \0$6830-06/{dollar}1$a東洋文庫 ;$v479.
=859  \\$aORR$bJapanKnowledge
=CAT  \\$aW1704-1242$b00$c20170509$lBLL01$h0927
=CAT  \\$aBATCH-UPD$b00$c20170509$lBLL01$h0930
=CAT  \\$aBATCH-UPD$b00$c20170509$lBLL01$h0938
=CAT  \\$aW2003-0365$c20200305$lBLL01$h1101
=FIN  \\$aY$d20170509
=SID  \\$aZ30$bOCLC
=SRC  \\$aJapanKnowledge_2017$bJK_OCLC20170203.mrc
=LAS  \\$aW2003-0365$b00$c20200305$lBLL01$h1101

