=LDR  02078 am a22005774i 4500
=001  018337893
=003  Uk
=005  20170106042853.0
=006  m\\\\\o\\d\\\\\\\\
=007  cr\|||||||||||
=008  151113s2006\\\\ja\\\\\\o\\\\\000\0\jpn\d
=FMT  \\$a  BK
=020  \\$z4560509042
=020  \\$z9784560509043
=035  \\$a(OCoLC)929030771
=040  \\$aYUS$beng$cYUS$dYUS$dOCLCO$dOCLCF$dUk$erda$epn
=041  1\$ajpn$hfre
=043  \\$aa-kz---
=245  00$6880-01$aKazafusutan /$cKatorīnu Pujoru cho ; Uyama Tomohiko, Suda Masaru yaku.
=264  \1$6880-02$aTōkyō :$bHakusuisha,$c2006.
=300  \\$a1 online resource.
=336  \\$atext$btxt$2rdacontent
=337  \\$acomputer$bc$2rdamedia
=338  \\$aonline resource$bcr$2rdacarrier
=490  1\$6880-03$aBunko kuseju ;$v904
=588  \\$aDescription based on print version.
=651  \0$aKazakhstan$xHistory.
=651  \7$aKazakhstan.$2fast$0(OCoLC)fst01260664
=655  \7$aHistory.$2fast$0(OCoLC)fst01411628
=700  1\$6880-04$aUyama, Tomohiko.
=700  1\$6880-05$aSuda, Masaru,$d1975-
=700  1\$aPoujol, Catherine,$d1956-
=730  0\$aKazakhstan.
=773  0\$tJapanKnowledge
=776  08$iPrint version:$tKazafusutan.
=830  \0$6880-06$aBunko kuseju$v904.
=856  40$3JapanKnowledge$uhttp://japanknowledge.com/lib/display/?lid=8021009040000$yJapanKnowledge Lib
=880  00$6245-01/{dollar}1$aカザフスタン /$cカトリーヌ・プジョル著 ; 宇山智彦, 須田将訳.
=880  \1$6264-02/{dollar}1$a東京 :$b白水社,$c2006.
=880  1\$6490-03/{dollar}1$a文庫クセジュ ;$v904
=880  1\$6700-04/{dollar}1$a宇山智彦.
=880  1\$6700-05/{dollar}1$a須田将,$d1975-
=880  \0$6830-06/{dollar}1$a文庫クセジュ ;$v904.
=859  \\$aORR$bJapanKnowledge
=CAT  \\$aW1704-1242$b00$c20170509$lBLL01$h0927
=CAT  \\$aBATCH-UPD$b00$c20170509$lBLL01$h0930
=CAT  \\$aW2003-0365$c20200305$lBLL01$h1101
=FIN  \\$aY$d20170509
=SID  \\$aZ30$bOCLC
=SRC  \\$aJapanKnowledge_2017$bJK_OCLC20170203.mrc
=LAS  \\$aW2003-0365$b00$c20200305$lBLL01$h1101

