=LDR  02801 am a22007097a 4500
=001  018337894
=003  Uk
=005  20170106042853.0
=006  m\\\\\o\\d\\\\\\\\
=007  cr\|||||||||||
=008  111008s1994\\\\ja\ab\\\ob\\\\000\0\jpn\d
=FMT  \\$a  BK
=019  \\$a649757534
=020  \\$z4582805787
=020  \\$z9784582805789
=035  \\$a(OCoLC)756300603$z(OCoLC)649757534
=040  \\$aOCLCE$beng$cOCLCE$dCUS$dOCLCQ$dOCLCF$dOCLCQ$dOCLCO$dOCLCQ$dOCLCO$dYUS$dOCLCO$dYUS$dOCLCO$dOCLCQ$dYUS$dOCLCO$dUk$epn
=041  1\$ajpn$heng
=042  \\$adlr
=043  \\$aa-ce---
=050  \4$aDS489$b.K7416 1994
=084  \\$a292.59$2njb
=100  1\$aKnox, Robert,$d1640?-1720.
=240  10$aHistorical relation of the island Ceylon.$lJapanese
=245  10$6880-01$aSeirontō shi /$cRobāto Nokkusu ; Hamaya Etsuji yaku.
=250  \\$6880-02$aShohan.
=260  \\$6880-03$aTōkyō :$bHeibonsha,$c1994.
=300  \\$a1 online resource (406 pages) :$billustrations, maps.
=336  \\$atext$btxt$2rdacontent
=337  \\$acomputer$bc$2rdamedia
=338  \\$aonline resource$bcr$2rdacarrier
=490  1\$6880-04$aTōyō bunko ;$v578
=504  \\$aIncludes bibliographical references.
=588  0\$aPrint version record.
=650  \7$aManners and customs.$2fast$0(OCoLC)fst01007815
=650  \7$aTravel.$2fast$0(OCoLC)fst01155558
=651  \0$aSri Lanka$xDescription and travel$vEarly works to 1800.
=651  \0$aSri Lanka$xSocial life and customs.
=651  \7$aSri Lanka.$2fast$0(OCoLC)fst01208730
=653  \\$6880-05$aSeiron$aChishi.
=655  \7$aEarly works.$2fast$0(OCoLC)fst01411636
=700  1\$6880-06$aHamaya, Etsuji.
=773  0\$tJapanKnowledge
=776  08$iPrint version:$aKnox, Robert, 1640?-1720.$sHistorical relation of the island Ceylon. Japanese.$tSeirontō shi.$bShohan.$dTōkyō : Heibonsha, 1994$z4582805787
=830  \0$6880-07$aTōyō bunko$v578.
=856  40$3JapanKnowledge$uhttp://japanknowledge.com/lib/display/?lid=80010V0578P0002$yJapanKnowledge Lib
=880  10$6245-01/{dollar}1$aセイロン島誌 /$cロバート・ノックス ; 濱屋悦次訳.
=880  \\$6250-02/{dollar}1$a初版.
=880  \\$6260-03/{dollar}1$a東京 :$b平凡社,$c1994.
=880  1\$6490-04/{dollar}1$a東洋文庫 ;$v578
=880  \\$6500-00/{dollar}1$a著者の肖像あり.
=880  \\$6653-05/{dollar}1$aセイロン$a地誌.
=880  1\$6700-06/{dollar}1$a濱屋悦次.
=880  \0$6830-07/{dollar}1$a東洋文庫 ;$v578.
=859  \\$aORR$bJapanKnowledge
=CAT  \\$aW1704-1242$b00$c20170509$lBLL01$h0927
=CAT  \\$aBATCH-UPD$b00$c20170509$lBLL01$h0930
=CAT  \\$aW2003-0365$c20200305$lBLL01$h1101
=FIN  \\$aY$d20170509
=SID  \\$aZ30$bOCLC
=SRC  \\$aJapanKnowledge_2017$bJK_OCLC20170203.mrc
=LAS  \\$aW2003-0365$b00$c20200305$lBLL01$h1101

