=LDR  01950 am a22005414i 4500
=001  018337895
=003  Uk
=005  20170106042853.0
=006  m\\\\\o\\d\\\\\\\\
=007  cr\|||||||||||
=008  151214s1972\\\\ja\\\\\\o\\\\\000\0\jpn\d
=FMT  \\$a  BK
=035  \\$a(OCoLC)932129341
=040  \\$aCNEAL$beng$cYUS$dOCLCO$dOCLCF$dUk$erda$epn
=041  1\$ajpn$hfre
=050  \4$aQD13$b.H88165 1972
=100  1\$aHutin, Serge,$d1927-1997,$eauthor.
=240  10$aAlchimie.$lJapanese
=245  10$6880-01$aRenkinjutsu /$cSeruju Yutan cho ; Arita Tadao yaku.
=264  \1$6880-02$aTōkyō :$bHakusuisha,$c1972.
=300  \\$a1 online resource.
=336  \\$atext$btxt$2rdacontent
=337  \\$acomputer$bc$2rdamedia
=338  \\$aonline resource$bcr$2rdacarrier
=490  1\$6880-03$aBunko kuseju ;$v525
=500  \\$aTranslation of: L'alchimie.
=588  \\$aDescription based on print version.
=650  \0$aAlchemy.
=650  \7$aAlchemy.$2fast$0(OCoLC)fst00804245
=700  1\$6880-04$aArita, Tadao,$d1928-
=773  0\$tJapanKnowledge
=776  08$iPrint version:$tRenkinjutsu.
=830  \0$6880-05$aBunko kuseju$v525.
=856  40$3JapanKnowledge$uhttp://japanknowledge.com/lib/display/?lid=8021005250000$yJapanKnowledge Lib
=880  10$6245-01/{dollar}1$a錬金術 /$cセルジュ・ユタン著 ; 有田忠郎訳.
=880  \1$6264-02/{dollar}1$a東京 :$b白水社,$c1972.
=880  1\$6490-03/{dollar}1$a文庫クセジュ ;$v525
=880  1\$6700-04/{dollar}1$a有田忠郎,$d1928-
=880  \0$6830-05/{dollar}1$a文庫クセジュ ;$v525.
=859  \\$aORR$bJapanKnowledge
=CAT  \\$aW1704-1242$b00$c20170509$lBLL01$h0927
=CAT  \\$aBATCH-UPD$b00$c20170509$lBLL01$h0930
=CAT  \\$aW2003-0365$c20200305$lBLL01$h1101
=CAT  \\$aBATCH-UPD$b00$c20210228$lBLL01$h2115
=FIN  \\$aY$d20170509
=SID  \\$aZ30$bOCLC
=SRC  \\$aJapanKnowledge_2017$bJK_OCLC20170203.mrc
=LAS  \\$aBATCH-UPD$b00$c20210228$lBLL01$h2115

