=LDR  02431 am a22006257a 4500
=001  018337896
=003  Uk
=005  20170106042854.0
=006  m\\\\\o\\d\\\\\\\\
=007  cr\|||||||||||
=008  100429s1988\\\\ja\\\\\\ob\\\\000\0\jpn\d
=FMT  \\$a  BK
=019  \\$a629898364
=020  \\$z4582804853
=020  \\$z9784582804850
=035  \\$a(OCoLC)610475904$z(OCoLC)629898364
=040  \\$aOCLCE$beng$cOCLCE$dOCLCQ$dCUS$dOCLCQ$dOCLCO$dOCLCQ$dOCLCF$dYUS$dOCLCO$dYUS$dOCLCO$dOCLCA$dOCLCQ$dYUS$dOCLCO$dUk$epn
=042  \\$adlr
=043  \\$aa-cc---
=050  \4$aDS721$b.K92 1988
=100  1\$6880-01$aKuwabara, Jitsuzō,$d1870-1931
=245  10$6880-02$aTōyō bunmei shiron /$c[chosha] Kuwabara Jitsuzō ; Miyazaki Ichisada kaisetsu.
=250  \\$6880-03$aShohan.
=260  \\$6880-04$aTōkȳo :$bHeibonsha,$c1988.
=300  \\$a1 online resource (310, 16 pages).
=336  \\$atext$btxt$2rdacontent
=337  \\$acomputer$bc$2rdamedia
=338  \\$aonline resource$bcr$2rdacarrier
=490  1\$6880-05$aTōyō bunko ;$v485
=504  \\$aIncludes bibliographical references.
=588  0\$aPrint version record.
=650  \7$aCivilization.$2fast$0(OCoLC)fst00862898
=651  \0$aChina$xCivilization.
=651  \7$aChina.$2fast$0(OCoLC)fst01206073
=700  1\$6880-06$aMiyazaki, Ichisada,$d1901-1995
=773  0\$tJapanKnowledge
=776  08$iPrint version:$aKuwabara, Jitsuzō, 1870-1931.$tTōyō bunmei shiron.$bShohan.$dTōkȳo : Heibonsha, 1988
=830  \0$6880-07$aTōyō bunko$v485.
=856  40$3JapanKnowledge$uhttp://japanknowledge.com/lib/display/?lid=80010V0485P0002$yJapanKnowledge Lib
=880  1\$6100-01/{dollar}1$a桑原隲蔵,$d1870-1931.
=880  10$6245-02/{dollar}1$a東洋文明史論 /$c[著者] 桑原隲蔵 ; 宮崎市定解說.
=880  \\$6250-03/{dollar}1$a初版.
=880  \\$6260-04/{dollar}1$a東京 :$b平凡社,$c1988.
=880  1\$6490-05/{dollar}1$a東洋文庫 ;$v485
=880  1\$6700-06/{dollar}1$a宮崎市定,$d1901-
=880  \0$6830-07/{dollar}1$a東洋文庫 ;$v485.
=859  \\$aORR$bJapanKnowledge
=CAT  \\$aW1704-1242$b00$c20170509$lBLL01$h0927
=CAT  \\$aBATCH-UPD$b00$c20170509$lBLL01$h0930
=CAT  \\$aBATCH-UPD$b00$c20170509$lBLL01$h0939
=CAT  \\$aW2003-0365$c20200305$lBLL01$h1101
=FIN  \\$aY$d20170509
=SID  \\$aZ30$bOCLC
=SRC  \\$aJapanKnowledge_2017$bJK_OCLC20170203.mrc
=LAS  \\$aW2003-0365$b00$c20200305$lBLL01$h1101

