=LDR  02815 am a22006617a 4500
=001  018337897
=003  Uk
=005  20170106042854.0
=006  m\\\\\o\\d\\\\\\\\
=007  cr\|||||||||||
=008  100420m19791983ja\a\\\\o\\\\\000\0\jpn\d
=FMT  \\$a  BK
=019  \\$a300525266
=035  \\$a(OCoLC)608407041$z(OCoLC)300525266
=040  \\$aOCLCE$beng$cOCLCE$dOCLCQ$dOCLCA$dCUS$dOCLCQ$dOCLCF$dYUS$dOCLCO$dYUS$dOCLCO$dOCLCQ$dYUS$dOCLCO$dUk$epn
=042  \\$adlr
=043  \\$aa-ja---
=050  \4$aPL768.K67$bK63
=245  00$6880-01$aKōwaka-mai /$cAraki Shigeru, Ikeda Hiroshi, Yamamoto Kichizō henchū.
=250  \\$6880-02$aShohan.
=260  \\$6880-03$aTōkyō :$bHeibonsha,$c1979-1983.
=300  \\$a1 online resource (3 volumes) :$billustrations.
=336  \\$atext$btxt$2rdacontent
=337  \\$acomputer$bc$2rdamedia
=338  \\$aonline resource$bcr$2rdacarrier
=490  1\$6880-04$aTōyō bunko ;$v355, 417, 426
=588  0\$aPrint version record.
=650  \0$aKōwaka plays$xHistory and criticism.
=650  \0$aKōwaka plays.
=650  \7$aKōwaka plays.$2fast$0(OCoLC)fst00989667
=655  \7$aCriticism, interpretation, etc.$2fast$0(OCoLC)fst01411635
=700  1\$6880-05$aAraki, Shigeru,$d1922-
=700  1\$6880-06$aIkeda, Hiroshi,$d1922-1994
=700  1\$6880-07$aYamamoto, Kichizō,$d1935-
=773  0\$tJapanKnowledge
=776  08$iPrint version:$tKōwaka-mai.$dTōkyō : Heibonsha, 1979-1983
=830  \0$6880-08$aTōyō bunko$v355, 417, 426.
=856  40$3JapanKnowledge Volume 1$uhttp://japanknowledge.com/lib/display/?lid=80010V0355P0002$yJapanKnowledge Lib
=856  40$3JapanKnowledge Volume 2$uhttp://japanknowledge.com/lib/display/?lid=80010V0417P0002$yJapanKnowledge Lib
=856  40$3JapanKnowledge Volume 3$uhttp://japanknowledge.com/lib/display/?lid=80010V0426P0002$yJapanKnowledge Lib
=880  00$6245-01/{dollar}1$a幸若舞 /$c荒木繁, 池田廣司, 山本吉左右編注.
=880  \\$6250-02/{dollar}1$a初版.
=880  \\$6260-03/{dollar}1$a東京 :$b平凡社,$c1979-1983.
=880  1\$6490-04/{dollar}1$a東洋文庫 ;$v355, 417, 426
=880  0\$6505-00/{dollar}1$a1. 入鹿・大織冠・百合若大臣・信太・満仲・築島.
=880  1\$6700-05/{dollar}1$a荒木繁,$d1922-
=880  1\$6700-06/{dollar}1$a池田廣司,$d1922-1994.
=880  1\$6700-07/{dollar}1$a山本吉左右,$d1935-
=880  \0$6830-08/{dollar}1$a東洋文庫 ;$v355, 417, 426.
=859  \\$aORR$bJapanKnowledge
=CAT  \\$aW1704-1242$b00$c20170509$lBLL01$h0927
=CAT  \\$aBATCH-UPD$b00$c20170509$lBLL01$h0930
=CAT  \\$aBATCH-UPD$b00$c20170509$lBLL01$h0938
=CAT  \\$aW2003-0365$c20200305$lBLL01$h1101
=FIN  \\$aY$d20170509
=SID  \\$aZ30$bOCLC
=SRC  \\$aJapanKnowledge_2017$bJK_OCLC20170203.mrc
=LAS  \\$aW2003-0365$b00$c20200305$lBLL01$h1101

