=LDR  02644 am a22005894i 4500
=001  018337898
=003  Uk
=005  20170106042854.0
=006  m\\\\\o\\d\\\\\\\\
=007  cr\|||||||||||
=008  151113s1956\\\\ja\\\\\\o\\\\\001\0\jpn\d
=FMT  \\$a  BK
=035  \\$a(OCoLC)929029028
=040  \\$aSTF$beng$cYUS$dOCLCO$dYUS$dOCLCO$dOCLCF$dUk$erda$epn
=041  1\$ajpn$hfre
=050  \4$aS439$b.G4163 1956
=100  1\$aGeorge, Pierre,$d1909-2006,$eauthor.
=240  10$aGéographie agricole du monde.$lJapanese
=245  10$6880-01$aSekai no nōgyō chiri /$cPiēru Joruju cho ; Motooka Takeshi, Yamamoto Osamu kyōyaku.
=264  \1$6880-02$aTōkyō :$bHakusuisha,$c1956.
=300  \\$a1 online resource (131, 4 pages).
=336  \\$atext$btxt$2rdacontent
=337  \\$acomputer$bc$2rdamedia
=338  \\$aonline resource$bcr$2rdacarrier
=490  1\$6880-03$aBunko kuseju ;$v202
=500  \\$aIncludes index.
=500  \\$aTranslation of: Géographie agricole du monde. Paris : Presses universitaires de France, 1952.
=588  \\$aDescription based on print version record.
=650  \0$aAgricultural geography.
=650  \7$aAgricultural geography.$2fast$0(OCoLC)fst00800816
=700  1\$6880-04,$aMotooka, Takeshi,$d1915-1982$etranslator.
=700  1\$6880-05,$aYamamoto, Osamu,$d1926-$etranslator.
=773  0\$tJapanKnowledge
=776  08$6880-06$iPrint version:$aGeorge, Pierre, 1909-2006.$sGéographie agricole du monde. Japanese.$tSekai no nōgyō chiri.$dTōkyō : Hakusuisha, 1956
=830  \0$6880-07$aBunko kuseju$v202.
=856  40$3JapanKnowledge$uhttp://japanknowledge.com/lib/display/?lid=8021002020000$yJapanKnowledge Lib
=880  10$6245-01$a世界の農業地理 /$cピエール・ジョルジュ著 ; 本岡武, 山本修共訳.
=880  \1$6264-02$a東京 :$b白水社,$c1956.
=880  1\$6490-03$a文庫クセジュ ;$v202
=880  1\$6700-04$a本岡武,$d1915-1982,$etranslator.
=880  1\$6700-05$a山本修,$d1926-$etranslator.
=880  08$6776-06$iPrint version:$aGeorge, Pierre, 1909-2006.$sGéographie agricole du monde. Japanese.$t世界の農業地理 .$d東京 : 白水社, 1956$w(OCoLC)33646732
=880  \0$6830-07$a文庫クセジュ ;$v202.
=859  \\$aORR$bJapanKnowledge
=CAT  \\$aW1704-1242$b00$c20170509$lBLL01$h0927
=CAT  \\$aBATCH-UPD$b00$c20170509$lBLL01$h0930
=CAT  \\$aBATCH-UPD$b00$c20170509$lBLL01$h0938
=CAT  \\$aW2003-0365$c20200305$lBLL01$h1101
=FIN  \\$aY$d20170509
=SID  \\$aZ30$bOCLC
=SRC  \\$aJapanKnowledge_2017$bJK_OCLC20170203.mrc
=LAS  \\$aW2003-0365$b00$c20200305$lBLL01$h1101

