=LDR  02622 am a22006257a 4500
=001  018337899
=003  Uk
=005  20170106042855.0
=006  m\\\\\o\\d\\\\\\\\
=007  cr\|||||||||||
=008  110209s1964\\\\ja\abc\\o\\\\\000\0ajpn\d
=FMT  \\$a  BK
=035  \\$a(OCoLC)701258509
=040  \\$aOCLCE$beng$cOCLCE$dCUS$dOCLCQ$dOCLCF$dYUS$dOCLCO$dYUS$dOCLCO$dOCLCQ$dYUS$dOCLCO$dUk$epn
=041  1\$ajpn$heng
=042  \\$adlr
=050  \4$aPN4874.S46$bA3 1964
=100  1\$aSheean, Vincent,$d1899-1975.
=240  10$aPersonal history.$lJapanese
=245  10$6880-01$aTōhō e no watakushi no tabi :$bRifu no yamayama kara Chūgoku e /$cV. Shīn [cho] ; Fukushima Masamitsu yaku.
=250  \\$6880-02$aShohan.
=260  \\$6880-03$aTōkyō :$bHeibonsha,$c1964$g(1979 printing)
=300  \\$a1 online resource (321 pages) :$billustrations, maps, portraits.
=336  \\$atext$btxt$2rdacontent
=337  \\$acomputer$bc$2rdamedia
=338  \\$aonline resource$bcr$2rdacarrier
=490  1\$6880-04$aTōyō bunko ;$v17
=588  0\$aPrint version record.
=600  10$aSheean, Vincent,$d1899-1975.
=600  17$aSheean, Vincent,$d1899-1975$2fast$0(OCoLC)fst00007235
=650  \0$aJournalists$vBiography.
=650  \0$aJournalists$vCorrespondence.
=650  \7$aJournalists.$2fast$0(OCoLC)fst00984188
=655  \7$aBiography.$2fast$0(OCoLC)fst01423686
=655  \7$aRecords and correspondence.$2fast$0(OCoLC)fst01423917
=700  1\$6880-05$aFukushima, Masamitsu,$d1925-
=773  0\$tJapanKnowledge
=776  08$iPrint version:$aSheean, Vincent, 1899-1975.$sPersonal history. Japanese.$tTōhō e no watakushi no tabi.$bShohan.$dTōkyō : Heibonsha, 1964
=830  \0$6880-06$aTōyō bunko$v17.
=856  40$3JapanKnowledge$uhttp://japanknowledge.com/lib/display/?lid=80010V0017P0002$yJapanKnowledge Lib
=880  10$6245-01/{dollar}1$a東方への私の旅 :$bリフの山 々から中国へ /$cV. シーン[著] ; 福島正光訳.
=880  \\$6250-02/{dollar}1$a初版.
=880  \\$6260-03/{dollar}1$a東京 :$b平凡社,$c1964$g(1979 printing)
=880  1\$6490-04/{dollar}1$a東洋文庫 ;$v17
=880  1\$6700-05/{dollar}1$a福島正光,$d1925-
=880  \0$6830-06/{dollar}1$a東洋文庫 ;$v17.
=859  \\$aORR$bJapanKnowledge
=CAT  \\$aW1704-1242$b00$c20170509$lBLL01$h0927
=CAT  \\$aBATCH-UPD$b00$c20170509$lBLL01$h0930
=CAT  \\$aBATCH-UPD$b00$c20170509$lBLL01$h0938
=CAT  \\$aW2003-0365$c20200305$lBLL01$h1101
=FIN  \\$aY$d20170509
=SID  \\$aZ30$bOCLC
=SRC  \\$aJapanKnowledge_2017$bJK_OCLC20170203.mrc
=LAS  \\$aW2003-0365$b00$c20200305$lBLL01$h1101

