=LDR  02297 am a2200601 a 4500
=001  018337900
=003  Uk
=005  20170106042855.0
=006  m\\\\\o\\d\\\\\\\\
=007  cr\un|||||||||
=008  120131s1965\\\\ja\a\\\\ob\\\\000\0\jpn\d
=FMT  \\$a  BK
=020  \\$z4582800513
=020  \\$z9784582800517
=035  \\$a(OCoLC)774601465
=040  \\$aCUS$beng$cCUS$dOCLCQ$dYUS$dOCLCO$dOCLCQ$dYUS$dOCLCO$dOCLCQ$dYUS$dOCLCO$dUk
=041  1\$ajpn$hchi
=050  \4$aPL2718.I8$bL3 1965
=100  1\$6880-01$aLiu, E,$d1857-1909
=240  10$6880-02$aLao can you ji.$lJapanese
=245  10$6880-03$aRōzan yūki /$cRyū Gaku cho ; Okazaki Toshio yaku.
=250  \\$6880-04$aShohan.
=260  \\$6880-05$aTōkyō :$bHeibonsha,$c1965.
=300  \\$a1 online resource (2, 299 pages) :$billustrations.
=336  \\$atext$btxt$2rdacontent
=337  \\$acomputer$bc$2rdamedia
=338  \\$aonline resource$bcr$2rdacarrier
=490  1\$6880-06$aTōyō bunko ;$v51
=500  \\$aTranslation of: Lao can you ji.
=504  \\$aIncludes bibliographical references.
=588  0\$aPrint version record.
=700  1\$6880-07$aOkazaki, Toshio,$d1909-1959
=773  0\$tJapanKnowledge
=776  08$iPrint version:$aLiu, E, 1857-1909.$sLao can you ji. Japanese.$tRōzan yūki.$bShohan.$dTōkyō : Heibonsha, 1965$z4582800513
=830  \0$6880-08$aTōyō bunko$v51.
=856  40$3JapanKnowledge$uhttp://japanknowledge.com/lib/display/?lid=80010V0051P0002$yJapanKnowledge Lib
=880  1\$6100-01/{dollar}1$a劉鶚,$d1857-1909.
=880  10$6240-02/{dollar}1$a老残遊記.$lJapanese
=880  10$6245-03/{dollar}1$a老残遊記 /$c劉鶚 ; 岡崎俊夫訳.
=880  \\$6250-04/{dollar}1$a初版.
=880  \\$6260-05/{dollar}1$a東京 :$b平凡社,$c1965.
=880  1\$6490-06/{dollar}1$a東洋文庫 ;$v51
=880  1\$6700-07/{dollar}1$a岡崎俊夫,$d1909-1959.
=880  \0$6830-08/{dollar}1$a東洋文庫 ;$v51.
=859  \\$aORR$bJapanKnowledge
=CAT  \\$aW1704-1242$b00$c20170509$lBLL01$h0927
=CAT  \\$aBATCH-UPD$b00$c20170509$lBLL01$h0930
=CAT  \\$aBATCH-UPD$b00$c20170509$lBLL01$h0938
=CAT  \\$aW2003-0365$c20200305$lBLL01$h1101
=FIN  \\$aY$d20170509
=SID  \\$aZ30$bOCLC
=SRC  \\$aJapanKnowledge_2017$bJK_OCLC20170203.mrc
=LAS  \\$aW2003-0365$b00$c20200305$lBLL01$h1101

