=LDR  02287 am a22006134i 4500
=001  018337901
=003  Uk
=005  20170106042855.0
=006  m\\\\\o\\d\\\\\\\\
=007  cr\|||||||||||
=008  151113s1996\\\\ja\\\\\go\\\\\000\0\jpn\d
=FMT  \\$a  BK
=020  \\$z4560057834
=020  \\$z9784560057834
=035  \\$a(OCoLC)929031462
=040  \\$aCNEAL$beng$cYUS$dOCLCO$dYUS$dOCLCO$dOCLCF$dUk$erda$epn
=041  1\$ajpn$hfre
=050  \4$aHQ447$b.D74165 1996
=100  10$aDuché, Didier-Jacques,$d1916-$eauthor.
=240  10$aHistoire de l'onanisme.$lJapanese
=245  10$6880-01$aOnanizumu no rekishi /$cDidie-Jakku Dyushe cho ; Kanezuka Sadafumi yaku.
=264  \1$6880-02$aTōkyō :$bHakusuisha,$c1996.
=300  \\$a1 online resource.
=336  \\$atext$btxt$2rdacontent
=337  \\$acomputer$bc$2rdamedia
=338  \\$aonline resource$bcr$2rdacarrier
=490  1\$6880-03$aBunko kuseju ;$v783
=500  \\$aTranslation of: Histoire de l'onanisme.
=588  \\$aDescription based on print version.
=650  \0$aMasturbation$xHistory.
=650  \0$aSex.
=650  \7$aMasturbation.$2fast$0(OCoLC)fst01011611
=650  \7$aSex.$2fast$0(OCoLC)fst01114160
=655  \7$aHistory.$2fast$0(OCoLC)fst01411628
=700  1\$6880-04$aKanezuka, Sadafumi.
=740  0\$aHistoire de l'onanisme.
=773  0\$tJapanKnowledge
=776  08$iPrint version:$tOnanizumu no rekishi.
=830  \0$6880-05$aBunko kuseju$v783.
=856  40$3JapanKnowledge$uhttp://japanknowledge.com/lib/display/?lid=8021007830000$yJapanKnowledge Lib
=880  10$6245-01/{dollar}1$aオナニズムの歴史 /$cディディエ=ジャック・デュシェ著 ; 金塚貞文訳.
=880  \1$6264-02/{dollar}1$a東京 :$b白水社,$c1996.
=880  1\$6490-03/{dollar}1$a文庫クセジュ ;$v783
=880  1\$6700-04/{dollar}1$a金塚貞文.
=880  \0$6830-05/{dollar}1$a文庫クセジュ ;$v783.
=859  \\$aORR$bJapanKnowledge
=CAT  \\$aW1704-1242$b00$c20170509$lBLL01$h0927
=CAT  \\$aBATCH-UPD$b00$c20170509$lBLL01$h0930
=CAT  \\$aBATCH-UPD$b00$c20170509$lBLL01$h0938
=CAT  \\$aW2003-0365$c20200305$lBLL01$h1101
=FIN  \\$aY$d20170509
=SID  \\$aZ30$bOCLC
=SRC  \\$aJapanKnowledge_2017$bJK_OCLC20170203.mrc
=LAS  \\$aW2003-0365$b00$c20200305$lBLL01$h1101

