=LDR  02181 am a22005894i 4500
=001  018337902
=003  Uk
=005  20170106042856.0
=006  m\\\\\o\\d\\\\\\\\
=007  cr\|||||||||||
=008  151113s1971\\\\ja\\\\\\o\\\\\000\0\jpn\d
=FMT  \\$a  BK
=020  \\$z4560054916
=020  \\$z9784560054918
=035  \\$a(OCoLC)929031063
=040  \\$aCNEAL$beng$cYUS$dOCLCO$dYUS$dOCLCO$dOCLCF$dOCLCO$dUk$erda$epn
=041  1\$ajpn$hfre
=043  \\$an-mx---
=050  \4$aF1219.76.S64$bS58167 1971
=100  1\$aSoustelle, Jacques,$d1912-1990,$eauthor.
=245  10$6880-01$aAsuteka bunmei /$cJakku Sūsteru cho ; Kanō Chiaki yaku.
=264  \1$6880-02$aTōkyō :$bHakusuisha,$c1971.
=300  \\$a1 online resource.
=336  \\$atext$btxt$2rdacontent
=337  \\$acomputer$bc$2rdamedia
=338  \\$aonline resource$bcr$2rdacarrier
=490  1\$6880-03$aBunko kuseju ;$v491
=588  \\$aDescription based on print version.
=650  \0$aAztecs$xSocial life and customs.
=650  \0$aAztecs$xReligion.
=650  \7$aAztecs$xReligion.$2fast$0(OCoLC)fst00824753
=650  \7$aAztecs$xSocial life and customs.$2fast$0(OCoLC)fst00824757
=700  1\$6880-04$aKanō, Chiaki,$d1931-
=730  0\$aAztéques.
=773  0\$tJapanKnowledge
=776  08$iPrint version:$tAsuteka bunmei
=830  \0$6880-05$aBunko kuseju$v491.
=856  40$3JapanKnowledge$uhttp://japanknowledge.com/lib/display/?lid=8021004910000$yJapanKnowledge Lib
=880  10$6245-01/{dollar}1$aアステカ文明 /$cジャック・スーステル著 ; 狩野千秋訳.
=880  \1$6264-02/{dollar}1$a東京 :$b白水社,$c1971.
=880  1\$6490-03/{dollar}1$a文庫クセジュ ;$v491
=880  1\$6700-04/{dollar}1$a狩野千秋,$d1931-
=880  \0$6830-05/{dollar}1$a文庫クセジュ ;$v491.
=859  \\$aORR$bJapanKnowledge
=CAT  \\$aW1704-1242$b00$c20170509$lBLL01$h0927
=CAT  \\$aBATCH-UPD$b00$c20170509$lBLL01$h0930
=CAT  \\$aBATCH-UPD$b00$c20170509$lBLL01$h0938
=CAT  \\$aW2003-0365$c20200305$lBLL01$h1101
=FIN  \\$aY$d20170509
=SID  \\$aZ30$bOCLC
=SRC  \\$aJapanKnowledge_2017$bJK_OCLC20170203.mrc
=LAS  \\$aW2003-0365$b00$c20200305$lBLL01$h1101

