=LDR  02390 am a22006377a 4500
=001  018337903
=003  Uk
=005  20170106042856.0
=006  m\\\\\o\\d\\\\\\\\
=007  cr\un|||||||||
=008  090202s1970\\\\ja\\\\\\o\\\\\000\0\jpn\d
=FMT  \\$a  BK
=019  \\$a645373379
=035  \\$a(OCoLC)301182313$z(OCoLC)645373379
=040  \\$aOCLCE$beng$cOCLCE$dOCLCQ$dCUS$dOCLCQ$dOCLCO$dOCLCF$dCHVBK$dYUS$dOCLCO$dYUS$dOCLCO$dOCLCQ$dYUS$dOCLCO$dUk$epn
=042  \\$adlr
=050  \4$aBJ971.S5$bS44 1970 <Asian Japan>
=100  1\$6880-01$aShibata, Kyūō,$d1783-1839
=245  10$6880-02$aKyūō dōwa /$cShibata Kyūō cho ; Shibata Minoru kōtei.
=250  \\$6880-03$aShohan.
=260  \\$6880-04$aTōkyō :$bHeibonsha,$cShōwa 45 [1970]
=300  \\$a1 online resource (324 pages).
=336  \\$atext$btxt$2rdacontent
=337  \\$acomputer$bc$2rdamedia
=338  \\$aonline resource$bcr$2rdacarrier
=490  1\$6880-05$aTōyō bunko ;$v154
=588  0\$aPrint version record.
=650  \0$aShingaku.
=650  \7$aEdo-Zeit$2gnd
=650  \7$aEthik$2gnd
=650  \7$aShingaku$2gnd
=650  \7$aShingaku.$2fast$0(OCoLC)fst01116034
=651  \7$aJapan$2gnd
=700  1\$6880-06$aShibata, Minoru,$d1906-
=773  0\$tJapanKnowledge
=776  08$iPrint version:$aShibata, Kyūō, 1783-1839.$tKyūō dōwa.$dTōkyō : Heibonsha, Shōwa 45 [1970]
=830  \0$6880-07$aTōyō bunko$v154.
=856  40$3JapanKnowledge$uhttp://japanknowledge.com/lib/display/?lid=80010V0154P0002$yJapanKnowledge Lib
=880  1\$6100-01/{dollar}1$a柴田鳩翁,$d1783-1839.
=880  10$6245-02/{dollar}1$a鳩翁道話 /$c柴田鳩翁著 ; 柴田実校訂.
=880  \\$6250-03/{dollar}1$a初版.
=880  \\$6260-04/{dollar}1$a東京 :$b平凡社,$c昭和45 [1970]
=880  1\$6490-05/{dollar}1$a東洋文庫 ;$v154
=880  1\$6700-06/{dollar}1$a柴田実,$d1906-
=880  \0$6830-07/{dollar}1$a東洋文庫 ;$v154.
=859  \\$aORR$bJapanKnowledge
=CAT  \\$aW1704-1242$b00$c20170509$lBLL01$h0927
=CAT  \\$aBATCH-UPD$b00$c20170509$lBLL01$h0931
=CAT  \\$aBATCH-UPD$b00$c20170509$lBLL01$h0938
=CAT  \\$aW2003-0365$c20200305$lBLL01$h1101
=FIN  \\$aY$d20170509
=SID  \\$aZ30$bOCLC
=SRC  \\$aJapanKnowledge_2017$bJK_OCLC20170203.mrc
=029  1\$aCHBIS$b009948622
=029  1\$aCHVBK$b302343067
=LAS  \\$aW2003-0365$b00$c20200305$lBLL01$h1101

