=LDR  02373 am a22005774i 4500
=001  018337904
=003  Uk
=005  20170106042856.0
=006  m\\\\\o\\d\\\\\\\\
=007  cr\|||||||||||
=008  151214s1967\\\\ja\\\\\\o\\\\\000\0\jpn\d
=FMT  \\$a  BK
=020  \\$z4560054150
=020  \\$z9784560054154
=035  \\$a(OCoLC)932129318
=040  \\$aCNEAL$beng$cYUS$dOCLCO$dUk$erda$epn
=041  1\$ajpn$hfre
=050  \4$aBS2330.2$b.C85165 1967
=100  1\$aCullmann, Oscar,$eauthor.
=240  10$aNouveau Testament.$lJapanese
=245  10$6880-01$aShin'yaku seisho /$cOscā · Kuruman cho ; Kurata Kiyoshi yaku.
=264  \1$6880-02$aTōkyō :$bHakusuisha,$c1967.
=300  \\$a1 online resource.
=336  \\$atext$btxt$2rdacontent
=337  \\$acomputer$bc$2rdamedia
=338  \\$aonline resource$bcr$2rdacarrier
=490  1\$6880-03$aBunko kuseju ;$v415
=500  \\$aTranslation of: Le Nouveau Testament ; Que sais-je? Le point des connaissances actuelles ; no 1231; France : Presses Universitaires de France, 1966. Published in English as The New Testament : an introduction for the general reader ; Philadelphia : Westminster Press, 1968.
=588  \\$aDescription based on print version.
=630  00$aBible.$pNew Testament$vIntroductions.
=630  07$aBible.$pNew Testament.$2fast$0(OCoLC)fst01808090
=655  \7$aIntroductions.$2fast$0(OCoLC)fst01423833
=700  1\$6880-04$aKurata, Kiyoshi,$d1928-
=773  0\$tJapanKnowledge
=776  08$iPrint version:$tShin'yaku seisho.
=830  \0$6880-05$aBunko kuseju$v415.
=856  40$3JapanKnowledge$uhttp://japanknowledge.com/lib/display/?lid=8021004150000$yJapanKnowledge Lib
=880  10$6245-01/{dollar}1$a新約聖書 /$cオスカー · クルマン著 ; 倉田淸訳.
=880  \1$6264-02/{dollar}1$a東京 :$b白水社,$c1967.
=880  1\$6490-03/{dollar}1$a文庫クセジュ ;$v415
=880  1\$6700-04/{dollar}1$a倉田淸,$d1928-
=880  \0$6830-05/{dollar}1$a文庫クセジュ ;$v415.
=859  \\$aORR$bJapanKnowledge
=CAT  \\$aW1704-1242$b00$c20170509$lBLL01$h0927
=CAT  \\$aBATCH-UPD$b00$c20170509$lBLL01$h0931
=CAT  \\$aBATCH-UPD$b00$c20170509$lBLL01$h0938
=CAT  \\$aW2003-0365$c20200305$lBLL01$h1101
=FIN  \\$aY$d20170509
=SID  \\$aZ30$bOCLC
=SRC  \\$aJapanKnowledge_2017$bJK_OCLC20170203.mrc
=LAS  \\$aW2003-0365$b00$c20200305$lBLL01$h1101

