=LDR  02406 am a2200625 a 4500
=001  018337905
=003  Uk
=005  20170106042856.0
=006  m\\\\\o\\d\\\\\\\\
=007  cr\un|||||||||
=008  120214s1992\\\\ja\\\\\\o\\\\\000\0\jpn\d
=FMT  \\$a  BK
=020  \\$a4582805590$q(v. 2)
=020  \\$a9784582805598$q(v. 2)
=020  \\$z4582805574$q(v. 1)
=020  \\$z9784582805574$q(v. 1)
=035  \\$a(OCoLC)776756025
=040  \\$aCUS$beng$cCUS$dOCLCQ$dOCLCF$dYUS$dOCLCQ$dOCLCO$dYUS$dOCLCQ$dYUS$dOCLCO$dUk
=043  \\$aa-cc---
=050  \4$aDS734.7$b.N35 1992
=100  1\$6880-01$aNaitō, Torajirō,$d1866-1934
=245  10$6880-02$aShina shigakushi /$cNaitō Konan.
=250  \\$6880-03$aShohan.
=260  \\$6880-04$aTōkyō :$bHeibonsha,$c1992.
=300  \\$a1 online resource (2 volumes).
=336  \\$atext$btxt$2rdacontent
=337  \\$acomputer$bc$2rdamedia
=338  \\$aonline resource$bcr$2rdacarrier
=490  1\$6880-05$aTōyō bunko ;$v557, 559
=588  0\$aPrint version record.
=650  \7$aCivilization.$2fast$0(OCoLC)fst00862898
=651  \0$aChina$xCivilization.
=651  \0$aChina$xHistory.
=651  \7$aChina.$2fast$0(OCoLC)fst01206073
=655  \7$aHistory.$2fast$0(OCoLC)fst01411628
=773  0\$tJapanKnowledge
=776  08$iPrint version:$aNaitō, Torajirō, 1866-1934.$tShina shigakushi.$bShohan.$dTōkyō : Heibonsha, 1992$z4582805574
=830  \0$6880-06$aTōyō bunko$v557, 559.
=856  40$3JapanKnowledge Volume 2$uhttp://japanknowledge.com/lib/display/?lid=80010V0559P0002$yJapanKnowledge Lib
=856  40$3JapanKnowledge Volume 1$uhttp://japanknowledge.com/lib/display/?lid=80010V0557P0002$yJapanKnowledge Lib
=880  1\$6100-01/{dollar}1$a内藤虎次郎,$d1866-1934.
=880  10$6245-02/{dollar}1$a支那史學史 /$c内藤湖南.
=880  3\$6246-00/{dollar}1$a支那史学史
=880  \\$6250-03/{dollar}1$a初版.
=880  \\$6260-04/{dollar}1$a東京 :$b平凡社,$c1992.
=880  1\$6490-05/{dollar}1$a東洋文庫 ;$v557, 559
=880  \0$6830-06/{dollar}1$a東洋文庫 ;$v557, 559.
=859  \\$aORR$bJapanKnowledge
=CAT  \\$aW1704-1242$b00$c20170509$lBLL01$h0927
=CAT  \\$aBATCH-UPD$b00$c20170509$lBLL01$h0931
=CAT  \\$aW2003-0365$c20200305$lBLL01$h1101
=FIN  \\$aY$d20170509
=SID  \\$aZ30$bOCLC
=SRC  \\$aJapanKnowledge_2017$bJK_OCLC20170203.mrc
=LAS  \\$aW2003-0365$b00$c20200305$lBLL01$h1101

