=LDR  02097 am a22005774i 4500
=001  018337906
=003  Uk
=005  20170106042857.0
=006  m\\\\\o\\d\\\\\\\\
=007  cr\|||||||||||
=008  151214s1990\\\\ja\\\\\\o\\\\\000\0\jpn\d
=FMT  \\$a  BK
=020  \\$z4560057133
=020  \\$z9784560057131
=035  \\$a(OCoLC)932129340
=040  \\$aCNEAL$beng$cYUS$dOCLCO$dOCLCF$dUk$erda$epn
=041  1\$ajpn$hfre
=050  \4$aDT83$b.V47165 1990
=100  1\$aVercoutter, Jean,$d1911-$eauthor.
=240  10$aEgypte ancienne.$lJapanese
=245  10$6880-01$aKodai Ejiputo /$cJ. Verukutēru cho ; Ōshima Seiji yaku.
=264  \1$6880-02$aTōkyō :$bHakusuisha,$c1990.
=300  \\$a1 online resource.
=336  \\$atext$btxt$2rdacontent
=337  \\$acomputer$bc$2rdamedia
=338  \\$aonline resource$bcr$2rdacarrier
=490  1\$6880-03$aBunko kuseju ;$v713
=500  \\$aTranslation of: L'Egypte ancienne.
=588  \\$aDescription based on print version.
=648  \7$aTo 332 B.C.$2fast
=651  \0$aEgypt$xHistory$yTo 332 B.C.
=651  \7$aEgypt.$2fast$0(OCoLC)fst01208755
=655  \7$aHistory.$2fast$0(OCoLC)fst01411628
=700  1\$6880-04$aŌshima, Seiji,$d1924-2006
=773  0\$tJapanKnowledge
=776  08$iPrint version:$tKodai ejiputo.
=830  \0$6880-05$aBunko kuseju$v713.
=856  40$3JapanKnowledge$uhttp://japanknowledge.com/lib/display/?lid=8021007130000$yJapanKnowledge Lib
=880  10$6245-01/{dollar}1$a古代エジプト /$cJ・ヴェルクテール著 ; 大島淸次訳.
=880  \1$6264-02/{dollar}1$a東京 :$b白水社,$c1990.
=880  1\$6490-03/{dollar}1$a文庫クセジュ ;$v713
=880  1\$6700-04/{dollar}1$a大島淸次,$d1924-
=880  \0$6830-05/{dollar}1$a文庫クセジュ ;$v713.
=859  \\$aORR$bJapanKnowledge
=CAT  \\$aW1704-1242$b00$c20170509$lBLL01$h0927
=CAT  \\$aBATCH-UPD$b00$c20170509$lBLL01$h0931
=CAT  \\$aW2003-0365$c20200305$lBLL01$h1101
=FIN  \\$aY$d20170509
=SID  \\$aZ30$bOCLC
=SRC  \\$aJapanKnowledge_2017$bJK_OCLC20170203.mrc
=LAS  \\$aW2003-0365$b00$c20200305$lBLL01$h1101

