=LDR  02295 am a22005654i 4500
=001  018337907
=003  Uk
=005  20170106042857.0
=006  m\\\\\o\\d\\\\\\\\
=007  cr\|||||||||||
=008  151112s2009\\\\ja\\\\\\ob\\\\000\0\jpn\d
=FMT  \\$a  BK
=020  \\$z4560509336
=020  \\$z9784560509333
=035  \\$a(OCoLC)928950366
=040  \\$aYUS$beng$cYUS$dOCLCO$dYUS$dOCLCO$dUk$erda$epn
=100  1\$aMonneyron, Frédéric,$eauthor.
=240  10$aSociologie de la mode.$lJapanese
=245  10$6880-01$aFasshon no shakaigaku :$bryūkō no mekanizumu to imēji /$cF. Moneiron cho ; Kitaura Haruka yaku.
=264  \1$6880-02$aTōkyō :$bHakusuisha,$c2009.
=300  \\$a1 online resource.
=336  \\$atext$btxt$2rdacontent
=337  \\$acomputer$bc$2rdamedia
=338  \\$aonline resource$bcr$2rdacarrier
=490  1\$6880-03$aBunko kuseju ;$v933
=500  \\$aTranslation of : Sociologie de la mode : Paris : Presses universitaires de France, 2006.
=504  \\$aIncludes bibliographical references (p.i-v [2nd. group]).
=588  \\$aDescription based on print version.
=650  \0$aClothing and dress$xSocial aspects.
=650  \0$aFashion$xSocial aspects.
=650  \7$aClothing and dress$xSocial aspects.$2fast$0(OCoLC)fst00864722
=650  \7$aFashion$xSocial aspects.$2fast$0(OCoLC)fst00921619
=700  1\$6880-05$aKitaura, Haruka.
=773  0\$tJapanKnowledge
=776  08$iPrint version:$tFasshon no shakaigaku
=830  \0$6880-97$aBunko kuseju$v933.
=856  40$3JapanKnowledge$uhttp://japanknowledge.com/lib/display/?lid=8021009330000$yJapanKnowledge Lib
=880  10$6245-01$aファッションの社会学 :$b流行のメカニズムとイメージ /$cF.モネイロン著;北浦春香訳.
=880  \1$6264-02$a東京 :$b白水社,$c2009.
=880  1\$6490-03$a文庫クセジュ ;$v933
=880  1\$6700-05$a北浦春香.
=880  \0$6830-97$a文庫クセジュ ;$v933.
=859  \\$aORR$bJapanKnowledge
=CAT  \\$aW1704-1242$b00$c20170509$lBLL01$h0927
=CAT  \\$aBATCH-UPD$b00$c20170509$lBLL01$h0931
=CAT  \\$aW2003-0365$c20200305$lBLL01$h1101
=FIN  \\$aY$d20170509
=SID  \\$aZ30$bOCLC
=SRC  \\$aJapanKnowledge_2017$bJK_OCLC20170203.mrc
=LAS  \\$aW2003-0365$b00$c20200305$lBLL01$h1101

