=LDR  02520 am a22006377a 4500
=001  018337908
=003  Uk
=005  20170106042857.0
=006  m\\\\\o\\d\\\\\\\\
=007  cr\|||||||||||
=008  100315m19871988ja\a\\\\o\\\\\000\1\jpn\d
=FMT  \\$a  BK
=019  \\$a605110014
=020  \\$z4582804756$q(v. 1)
=020  \\$z4582804802$q(v. 2)
=020  \\$z9784582804751$q(v. 1)
=020  \\$z9784582804805$q(v. 2)
=035  \\$a(OCoLC)557069560$z(OCoLC)605110014
=040  \\$aOCLCE$beng$cOCLCE$dOCLCQ$dCUS$dOCLCQ$dOCLCO$dOCLCQ$dOCLCF$dYUS$dOCLCO$dYUS$dOCLCO$dOCLCQ$dYUS$dOCLCO$dUk$epn
=042  \\$adlr
=043  \\$aa-ja---
=050  \4$aPL793.2$b.O8 1987
=100  1\$6880-01$aAsai, Ryōi,$d1612?-1691?
=245  10$6880-02$aOtogibōko /$cAsai Ryōi ; Emoto Hiroshi kōtei.
=250  \\$6880-03$aShohan.
=260  \\$6880-04$aTōkyō :$bHeibonsha,$c1987-1988.
=300  \\$a1 online resource (2 volumes) :$billustrations.
=336  \\$atext$btxt$2rdacontent
=337  \\$acomputer$bc$2rdamedia
=338  \\$aonline resource$bcr$2rdacarrier
=490  1\$6880-05$aTōyō bunko ;$v475, 480
=588  0\$aPrint version record.
=650  \0$aGhost stories, Japanese.
=650  \7$aGhost stories, Japanese.$2fast$0(OCoLC)fst00942422
=700  1\$6880-06$aEmoto, Hiroshi,$d1936-
=773  0\$tJapanKnowledge
=776  08$iPrint version:$aAsai, Ryōi, 1612?-1691?.$tOtogibōko.$bShohan.$dTōkyō : Heibonsha, 1987-1988
=830  \0$6880-07$aTōyō bunko$v475, 480.
=856  40$3JapanKnowledge Volume 1$uhttp://japanknowledge.com/lib/display/?lid=80010V0475P0002$yJapanKnowledge Lib
=856  40$3JapanKnowledge Volume 2$uhttp://japanknowledge.com/lib/display/?lid=80010V0480P0002$yJapanKnowledge Lib
=880  1\$6100-01/{dollar}1$a浅井了意,$d1612?-1691?
=880  10$6245-02/{dollar}1$a伽婢子 /$c浅井了意 ; 江本裕校訂.
=880  \\$6250-03/{dollar}1$a初版.
=880  \\$6260-04/{dollar}1$a東京 :$b平凡社,$c1987-1988.
=880  1\$6490-05/{dollar}1$a東洋文庫 ;$v475, 480
=880  1\$6700-06/{dollar}1$a江本裕,$d1936-
=880  \0$6830-07/{dollar}1$a東洋文庫 ;$v475, 480.
=859  \\$aORR$bJapanKnowledge
=CAT  \\$aW1704-1242$b00$c20170509$lBLL01$h0927
=CAT  \\$aBATCH-UPD$b00$c20170509$lBLL01$h0931
=CAT  \\$aBATCH-UPD$b00$c20170509$lBLL01$h0939
=CAT  \\$aW2003-0365$c20200305$lBLL01$h1101
=FIN  \\$aY$d20170509
=SID  \\$aZ30$bOCLC
=SRC  \\$aJapanKnowledge_2017$bJK_OCLC20170203.mrc
=LAS  \\$aW2003-0365$b00$c20200305$lBLL01$h1101

