=LDR  02869 am a22006977a 4500
=001  018337909
=003  Uk
=005  20170106042858.0
=006  m\\\\\o\\d\\\\\\\\
=007  cr\|||||||||||
=008  111005s1996\\\\ja\a\\\\o\\\\\000\0ajpn\d
=FMT  \\$a  BK
=019  \\$a637151588
=020  \\$z4582806066$q(v. 1)
=020  \\$z4582806082$q(v. 2)
=020  \\$z9784582806069$q(v. 1)
=020  \\$z9784582806083$q(v. 2)
=035  \\$a(OCoLC)755949738$z(OCoLC)637151588
=040  \\$aOCLCE$beng$cOCLCE$dCUS$dOCLCQ$dOCLCO$dOCLCQ$dOCLCF$dOCLCO$dYUS$dOCLCO$dYUS$dOCLCO$dOCLCQ$dYUS$dOCLCO$dUk$epn
=042  \\$adlr
=043  \\$aa-ja---
=050  \4$aR626.S53$bA3 1996
=100  1\$6880-01$aShibata, Shūzō,$d1820-1859
=245  10$6880-02$aShibata Shūzō nikki :$bmura no yōgakusha /$cTanaka Keiichi henchū.
=250  \\$6880-03$aShohan.
=260  \\$6880-04$aTōkyō :$bHeibonsha,$c1996.
=300  \\$a1 online resource (2 volumes) :$billustrations.
=336  \\$atext$btxt$2rdacontent
=337  \\$acomputer$bc$2rdamedia
=338  \\$aonline resource$bcr$2rdacarrier
=490  1\$6880-05$aTōyō bunko ;$v606, 608
=588  0\$aPrint version record.
=600  10$6880-06$aShibata, Shūzō,$d1820-1859$vDiaries.
=600  17$aShibata, Shūzō,$d1820-1859$2fast$0(OCoLC)fst00392378
=650  \0$aPhysicians$zJapan$vDiaries.
=650  \7$aPhysicians.$2fast$0(OCoLC)fst01062841
=651  \7$aJapan.$2fast$0(OCoLC)fst01204082
=655  \7$aDiaries.$2fast$0(OCoLC)fst01423794
=700  1\$6880-07$aTanaka, Keiichi,$d1931-
=773  0\$tJapanKnowledge
=776  08$iPrint version:$aShibata, Shūzō, 1820-1859.$tShibata Shūzō nikki.$bShohan.$dTōkyō : Heibonsha, 1996$z4582806066
=830  \0$6880-08$aTōyō bunko$v606, 608.
=856  40$3JapanKnowledge Volume 1$uhttp://japanknowledge.com/lib/display/?lid=80010V0606P0002$yJapanKnowledge Lib
=856  40$3JapanKnowledge Volume 2$uhttp://japanknowledge.com/lib/display/?lid=80010V0608P0002$yJapanKnowledge Lib
=880  1\$6100-01/{dollar}1$a柴田收蔵,$d1820-1859.
=880  10$6245-02/{dollar}1$a柴田收蔵日記 :$b村の洋学者 /$c田中圭一編注.
=880  \\$6250-03/{dollar}1$a初版.
=880  \\$6260-04/{dollar}1$a東京 :$b平凡社,$c1996.
=880  1\$6490-05/{dollar}1$a東洋文庫 ;$v606, 608
=880  14$6600-06/{dollar}1$a柴田收蔵,$d1820-1859$vDiaries.
=880  1\$6700-07/{dollar}1$a田中圭一,$d1931-
=880  \0$6830-08/{dollar}1$a東洋文庫 ;$v606, 608.
=859  \\$aORR$bJapanKnowledge
=CAT  \\$aW1704-1242$b00$c20170509$lBLL01$h0927
=CAT  \\$aBATCH-UPD$b00$c20170509$lBLL01$h0931
=CAT  \\$aBATCH-UPD$b00$c20170509$lBLL01$h0939
=CAT  \\$aW2003-0365$c20200305$lBLL01$h1101
=FIN  \\$aY$d20170509
=SID  \\$aZ30$bOCLC
=SRC  \\$aJapanKnowledge_2017$bJK_OCLC20170203.mrc
=LAS  \\$aW2003-0365$b00$c20200305$lBLL01$h1101

