=LDR  03133 am a22007817a 4500
=001  018337910
=003  Uk
=005  20170106042858.0
=006  m\\\\\o\\d\\\\\\\\
=007  cr\|||||||||||
=008  111006s1998\\\\ja\\\\\\o\\\\\001\0\jpn\d
=FMT  \\$a  BK
=019  \\$a301089330
=020  \\$z4582806430
=020  \\$z9784582806434
=035  \\$a(OCoLC)755992879$z(OCoLC)301089330
=040  \\$aOCLCE$beng$cOCLCE$dCUS$dOCLCQ$dOCLCA$dOCLCQ$dOCLCF$dOCL$dYUS$dOCLCO$dYUS$dOCLCO$dOCL$dOCLCQ$dYUS$dOCLCO$dUk$epn
=041  0\$ajpn$achi
=042  \\$adlr
=043  \\$aa-ja---
=050  \4$aDS871.78$b.T59 1998
=084  \\$a210.52$2njb/9
=100  1\$6880-01$aToda, Mosui,$d1629-1706
=245  10$6880-02$aGotōdaiki :$bShōgun Tsunayoshi no jidai /$cToda Mosui cho ; Tsukamoto Manabu kōchū.
=250  \\$6880-03$aShohan.
=260  \\$6880-04$aTōkyō :$bHeibonsha,$c1998.
=300  \\$a1 online resource (468, 10 pages).
=336  \\$atext$btxt$2rdacontent
=337  \\$acomputer$bc$2rdamedia
=338  \\$aonline resource$bcr$2rdacarrier
=490  1\$6880-05$aTōyō bunko ;$v643
=500  \\$aIncludes index.
=546  \\$aText in Japanese or Chinese.
=588  0\$aPrint version record.
=600  10$6880-06$aTokugawa, Tsunayoshi,$d1646-1709
=600  17$aTokugawa, Tsunayoshi,$d1646-1709$2fast$0(OCoLC)fst00089768
=648  \7$a1600-1868$2fast
=650  \4$6880-07$aNihon$xRekishi$xEdo jidai$xShiryo.
=650  07$6880-08$aNihon-Rekishi-Edo jidai-Shiryō.$2jlabsh/3
=651  \0$aJapan$xHistory$yGenroku period, 1688-1704$vChronology.
=651  \0$aJapan$xHistory$yTokugawa period, 1600-1868.
=651  \7$aJapan.$2fast$0(OCoLC)fst01204082
=655  \7$aChronologies.$2fast$0(OCoLC)fst01423901
=655  \7$aHistory$2fast$0(OCoLC)fst01411628
=700  1\$6880-09$aTsukamoto, Manabu,$d1927-2013
=773  0\$tJapanKnowledge
=776  08$iPrint version:$aToda, Mosui, 1629-1706.$tGotōdaiki.$bShohan.$dTōkyō : Heibonsha, 1998$z4582806430
=830  \0$6880-10$aTōyō bunko$v643.
=856  40$3JapanKnowledge$uhttp://japanknowledge.com/lib/display/?lid=80010V0643P0002$yJapanKnowledge Lib
=880  1\$6100-01/{dollar}1$a戶田茂睡,$d1629-1706.
=880  10$6245-02/{dollar}1$a御当代記 :$b将軍綱吉の時代 /$c戶田茂睡著 ; 塚本学校注.
=880  \\$6250-03/{dollar}1$a初版.
=880  \\$6260-04/{dollar}1$a東京 :$b平凡社,$c1998.
=880  1\$6490-05/{dollar}1$a東洋文庫 ;$v643
=880  14$6600-06/{dollar}1$a徳川綱吉,$d1646-1709.
=880  \4$6650-07/{dollar}1$a日本$x歴史$x江〓時代$x史料.
=880  07$6650-08/{dollar}1$a日本-歴史-江戶時代-史料.$2jlabsh/3
=880  1\$6700-09/{dollar}1$a塚本学,$d1927-
=880  \0$6830-10/{dollar}1$a東洋文庫 ;$v643.
=859  \\$aORR$bJapanKnowledge
=CAT  \\$aW1704-1242$b00$c20170509$lBLL01$h0927
=CAT  \\$aBATCH-UPD$b00$c20170509$lBLL01$h0931
=CAT  \\$aBATCH-UPD$b00$c20170509$lBLL01$h0939
=CAT  \\$aW2003-0365$c20200305$lBLL01$h1101
=FIN  \\$aY$d20170509
=SID  \\$aZ30$bOCLC
=SRC  \\$aJapanKnowledge_2017$bJK_OCLC20170203.mrc
=LAS  \\$aW2003-0365$b00$c20200305$lBLL01$h1101

