=LDR  02197 am a22005657i 4500
=001  018337911
=003  Uk
=005  20170106042858.0
=006  m\\\\\o\\d\\\\\\\\
=007  cr\|||||||||||
=008  100630s1972\\\\ja\\\\\\ob\\\\000\0\jpn\d
=FMT  \\$a  BK
=019  \\$a301240827
=035  \\$a(OCoLC)645373931$z(OCoLC)301240827
=040  \\$aOCLCE$beng$cOCLCE$dOCLCQ$dOCLCO$dCUS$dOCLCF$dYUS$dOCLCO$dYUS$dOCLCO$dOCLCQ$dYUS$dOCLCO$dUk$epn
=042  \\$adlr
=050  \4$aBQ8823$b.W34
=100  1\$6880-01$aWakamori, Tarō,$d1915-1977
=245  10$6880-02$aShugendōshi kenkyū /$cWakamori Tarō cho.
=250  \\$6880-03$aShinpan.
=260  \\$6880-04$aTōkyō :$bHeibonsha,$cShōwa 47 [1972]
=300  \\$a1 online resource (393, 22 pages).
=336  \\$atext$btxt$2rdacontent
=337  \\$acomputer$bc$2rdamedia
=338  \\$aonline resource$bcr$2rdacarrier
=490  1\$6880-05$aTōyō bunko ;$v211
=504  \\$aIncludes bibliographical references.
=588  0\$aPrint version record.
=650  \0$aShugen (Sect)$xHistory.
=650  \7$aShugen (Sect)$2fast$0(OCoLC)fst01117916
=655  \7$aHistory.$2fast$0(OCoLC)fst01411628
=773  0\$tJapanKnowledge
=776  08$iPrint version:$aWakamori, Tarō, 1915-1977.$tShugendōshi kenkyū.$bShinpan.$dTōkyō : Heibonsha, Shōwa 47 [1972]
=830  \0$6880-06$aTōyō bunko$v211.
=856  40$3JapanKnowledge$uhttp://japanknowledge.com/lib/display/?lid=80010V0211P0002$yJapanKnowledge Lib
=880  1\$6100-01/{dollar}1$a和歌森太郎,$d1915-1977.
=880  10$6245-02/{dollar}1$a修験道史研究 /$c和森太郎著.
=880  \\$6250-03/{dollar}1$a新版.
=880  \\$6260-04/{dollar}1$a東京 :$b平凡社,$c昭和47 [1972]
=880  1\$6490-05/{dollar}1$a東洋文庫 ;$v221
=880  \0$6830-06/{dollar}1$a東洋文庫 ;$v221.
=859  \\$aORR$bJapanKnowledge
=CAT  \\$aW1704-1242$b00$c20170509$lBLL01$h0927
=CAT  \\$aBATCH-UPD$b00$c20170509$lBLL01$h0931
=CAT  \\$aBATCH-UPD$b00$c20170509$lBLL01$h0939
=CAT  \\$aW2003-0365$c20200305$lBLL01$h1101
=FIN  \\$aY$d20170509
=SID  \\$aZ30$bOCLC
=SRC  \\$aJapanKnowledge_2017$bJK_OCLC20170203.mrc
=LAS  \\$aW2003-0365$b00$c20200305$lBLL01$h1101

