=LDR  01944 am a22005294i 4500
=001  018337912
=003  Uk
=005  20170106042859.0
=006  m\\\\\o\\d\\\\\\\\
=007  cr\|||||||||||
=008  151113s1993\\\\ja\\\\\\o\\\\\000\0\jpn\d
=FMT  \\$a  BK
=020  \\$z4560057427
=020  \\$z9784560057421
=035  \\$a(OCoLC)929030545
=040  \\$aYUS$beng$cYUS$dYUS$dOCLCO$dUk$erda$epn
=041  1\$ajpn$hfre
=245  00$6880-01$aBerukuson /$cJan-Rui Vieiyāru-Baron [cho] ; Uemura Hiroshi yaku.
=264  \1$6880-02$aTōkyō :$bHakusuisha,$c1993.
=300  \\$a1 online resource.
=336  \\$atext$btxt$2rdacontent
=337  \\$acomputer$bc$2rdamedia
=338  \\$aonline resource$bcr$2rdacarrier
=490  1\$6880-03$aBunko kuseju ;$v742
=588  \\$aDescription based on print version.
=600  10$aBergson, Henri,$d1859-1941.
=600  17$aBergson, Henri,$d1859-1941$2fast$0(OCoLC)fst00027792
=700  1\$6880-04$aUemura, Hiroshi,$d1963-
=700  1\$aVieillard-Baron, Jean-Louis,$d1944-
=730  0\$aBergson.
=773  0\$tJapanKnowledge
=776  08$iPrint version:$tBerukuson.
=830  \0$6880-05$aBunko kuseju$v742.
=856  40$3JapanKnowledge$uhttp://japanknowledge.com/lib/display/?lid=8021007420000$yJapanKnowledge Lib
=880  00$6245-01/{dollar}1$aベルクソン /$cジャン=ルイ・ヴィエイヤール=バロン [著] ; 上村博訳.
=880  \1$6264-02/{dollar}1$a東京 :$b白水社,$c1993.
=880  1\$6490-03/{dollar}1$a文庫クセジュ ;$v742
=880  1\$6700-04/{dollar}1$a上村博,$d1963-
=880  \0$6830-05/{dollar}1$a文庫クセジュ ;$v742.
=859  \\$aORR$bJapanKnowledge
=CAT  \\$aW1704-1242$b00$c20170509$lBLL01$h0927
=CAT  \\$aBATCH-UPD$b00$c20170509$lBLL01$h0931
=CAT  \\$aW2003-0365$c20200305$lBLL01$h1101
=FIN  \\$aY$d20170509
=SID  \\$aZ30$bOCLC
=SRC  \\$aJapanKnowledge_2017$bJK_OCLC20170203.mrc
=LAS  \\$aW2003-0365$b00$c20200305$lBLL01$h1101

