=LDR  02926 am a22007457a 4500
=001  018337913
=003  Uk
=005  20170106042859.0
=006  m\\\\\o\\d\\\\\\\\
=007  cr\|||||||||||
=008  100827s1998\\\\ja\\\\\\o\\\\\000\0\jpn\d
=FMT  \\$a  BK
=020  \\$z4582806325
=020  \\$z4582806341
=020  \\$z9784582806328
=020  \\$z9784582806342
=035  \\$a(OCoLC)659406104
=040  \\$aOCLCE$beng$cOCLCE$dOCLCQ$dCUS$dOCLCQ$dOCLCF$dOCL$dYUS$dOCLCO$dYUS$dOCL$dOCLCQ$dYUS$dOCLCO$dUk$epn
=043  \\$aa-ja---
=050  \4$aDS883$b.K56x 1998
=245  00$6880-01$aSōkoroku kinsei jinbutsu itsuwashū /$cYamada Sansen cho ; Koide Masahiro hen.
=246  30$6880-02$aKinsei jinbutsu itsuwashū
=250  \\$6880-03$aShohan.
=260  \\$6880-04$aTōkyō :$bHeibonsha,$c1998.
=300  \\$a1 online resource (2 volumes).
=336  \\$atext$btxt$2rdacontent
=337  \\$acomputer$bc$2rdamedia
=338  \\$aonline resource$bcr$2rdacarrier
=490  1\$6880-05$aSōkoroku ;$v1-2
=490  1\$6880-06$aTōyō bunko ;$v632, 634
=588  0\$aPrint version record.
=648  \7$a1868-1912$2fast
=650  \0$aAnecdotes$zJapan.
=650  \7$aAnecdotes.$2fast$0(OCoLC)fst00808608
=651  \0$aJapan$xHistory$yMeiji period, 1868-1912$vBiography.
=651  \7$aJapan.$2fast$0(OCoLC)fst01204082
=655  \7$aBiography.$2fast$0(OCoLC)fst01423686
=655  \7$aHistory$2fast$0(OCoLC)fst01411628
=700  1\$6880-07$aYamada, Sansen,$d1804-1862
=700  1\$6880-08$aKoide, Masahiro.
=773  0\$tJapanKnowledge
=776  08$iPrint version:$tSōkoroku kinsei jinbutsu itsuwashū.$bShohan.$dTōkyō : Heibonsha, 1998
=830  \0$6880-09$aSōkoroku ;$v1-2.
=830  \0$6880-10$aTōyō bunko$v632, 634.
=856  40$3JapanKnowledge Volume 1$uhttp://japanknowledge.com/lib/display/?lid=80010V0632P0002$yJapanKnowledge Lib
=856  40$3JapanKnowledge Volume 2$uhttp://japanknowledge.com/lib/display/?lid=80010V0634P0002$yJapanKnowledge Lib
=880  00$6245-01/{dollar}1$a想古錄近世人物逸話集 /$c山田三川著 ; 小出昌洋.
=880  30$6246-02/{dollar}1$a近世人物逸話集
=880  \\$6250-03/{dollar}1$a初版.
=880  \\$6260-04/{dollar}1$a東京 :$b平凡社,$c1998.
=880  1\$6490-05/{dollar}1$a想古錄 ;$v1-2
=880  1\$6490-06/{dollar}1$a東洋文庫 ;$v632, 634
=880  1\$6700-07/{dollar}1$a山田三川,$d1804-1862.
=880  1\$6700-08/{dollar}1$a小出昌洋.
=880  \0$6830-09/{dollar}1$a想古錄 ;$v1-2.
=880  \0$6830-10/{dollar}1$a東洋文庫 ;$v632, 634.
=859  \\$aORR$bJapanKnowledge
=CAT  \\$aW1704-1242$b00$c20170509$lBLL01$h0927
=CAT  \\$aBATCH-UPD$b00$c20170509$lBLL01$h0931
=CAT  \\$aBATCH-UPD$b00$c20170509$lBLL01$h0939
=CAT  \\$aW2003-0365$c20200305$lBLL01$h1101
=FIN  \\$aY$d20170509
=SID  \\$aZ30$bOCLC
=SRC  \\$aJapanKnowledge_2017$bJK_OCLC20170203.mrc
=LAS  \\$aW2003-0365$b00$c20200305$lBLL01$h1101

