=LDR  02870 am a22006734i 4500
=001  018337914
=003  Uk
=005  20170106042859.0
=006  m\\\\\o\\d\\\\\\\\
=007  cr\|||||||||||
=008  160115s2004\\\\ja\\\\\\o\\\\\001\0\jpn\d
=FMT  \\$a  BK
=020  \\$z4560058725
=020  \\$z9784560058725
=035  \\$a(OCoLC)934799034
=040  \\$aSTF$beng$cYUS$dOCLCO$dYUS$dOCLCO$dOCLCF$dOCL$dUk$erda$epn
=041  1\$ajpn$hfre
=050  \4$aDG279$b.G75163 2004
=100  1\$aGrimal, Pierre,$d1912-1996,$eauthor.
=240  10$aSiècle d'Auguste.$lJapanese
=245  10$6880-01$aAugusutusu no seiki /$cPiēru Gurimaru cho ; Kitano Tōru yaku.
=264  \1$6880-02$aTokyo :$bHakusuisha,$c2004.2.
=300  \\$a1 online resource.
=336  \\$atext$btxt$2rdacontent
=337  \\$acomputer$bc$2rdamedia
=338  \\$aonline resource$bcr$2rdacarrier
=490  1\$6880-03$aBunko kuseju ;$v872
=500  \\$aTranslation of: Le Siècle d'Auguste. Paris : Presses universitaires de France, 1955, 1992.
=588  \\$aDescription based on print version record.
=600  04$aAugustus,$cEmperor of Rome,$d63 B.C.-14 A.D.
=648  \7$a30 B.C.-284 A.D$2fast
=650  \7$6880-04$aRoma (kodai)$2jlabsh
=650  \7$aCivilization.$2fast$0(OCoLC)fst00862898
=651  \0$aRome$xHistory$yAugustus, 30 B.C.-14 A.D.
=651  \0$aRome$xHistory$yEmpire, 30 B.C.-284 A.D.
=651  \0$aRome$xCivilization.
=651  \0$aRome$xHistory.
=651  \7$aRome (Empire)$2fast$0(OCoLC)fst01204885
=655  \7$aHistory.$2fast$0(OCoLC)fst01411628
=700  1\$6880-05$aKitano, Tōru,$d1937-$etranslator.
=773  0\$tJapanKnowledge
=776  08$6880-06$iPrint version:$aGrimal, Pierre, 1912-1996.$sLe Siècle d'Auguste. Japanese.$tAugusutusu no seiki.$dTōkyō : Hakusuisha, 2004
=830  \0$6880-07$aBunko kuseju$v872.
=856  40$3JapanKnowledge$uhttp://japanknowledge.com/lib/display/?lid=8021008720000$yJapanKnowledge Lib
=880  10$6245-01/{dollar}1$aアウグストゥスの世紀 /$cピエール・グリマル著 ; 北野徹訳.
=880  \1$6264-02/{dollar}1$a東京 :$b白水社,$c2004.2.
=880  1\$6490-03/{dollar}1$a文庫クセジュ ;$v872
=880  \7$6650-04/{dollar}1$aローマ (古代)$2jlabsh
=880  1\$6700-05/{dollar}1$a北野徹,$d1937-$etranslator.
=880  08$6776-06/{dollar}1$iPrint version:$aGrimal, Pierre, 1912-1996.$sLe Siècle d'Auguste. Japanese.$tアウグストゥスの世紀 .$d東京 : 白水社, 2004$w(OCoLC)123058387
=880  \0$6830-07/{dollar}1$a文庫クセジュ ;$v872.
=859  \\$aORR$bJapanKnowledge
=CAT  \\$aW1704-1242$b00$c20170509$lBLL01$h0927
=CAT  \\$aBATCH-UPD$b00$c20170509$lBLL01$h0931
=CAT  \\$aW2003-0365$c20200305$lBLL01$h1101
=FIN  \\$aY$d20170509
=SID  \\$aZ30$bOCLC
=SRC  \\$aJapanKnowledge_2017$bJK_OCLC20170203.mrc
=LAS  \\$aW2003-0365$b00$c20200305$lBLL01$h1101

