=LDR  02366 am a2200613   4500
=001  018337915
=003  Uk
=005  20170106042900.0
=006  m\\\\\o\\d\\\\\\\\
=007  cr\un|||||||||
=008  120131s1968\\\\ja\\\\\\o\\\\\000\0\jpn\\
=FMT  \\$a  BK
=020  \\$z4582801293
=020  \\$z9784582801293
=035  \\$a(OCoLC)774606838
=040  \\$aCUS$beng$cCUS$dCUS$dOCLCQ$dOCLCF$dYUS$dOCLCO$dOCLCQ$dYUS$dOCLCO$dOCLCQ$dYUS$dOCLCO$dUk
=043  \\$aa-ja---
=050  \4$aDS897.K8$bI5 1968
=100  1\$6880-01$aInoue, Yoritoshi,$d1900-1979
=245  10$6880-02$aKyōto minzokushi ;$cInoue Yoritoshi.
=250  \\$6880-03$aKaiteiban.
=260  \\$6880-04$aTōkyō,$bHeibonsha,$cShōwa 43 [1968]
=300  \\$a1 online resource (304 pages).
=336  \\$atext$btxt$2rdacontent
=337  \\$acomputer$bc$2rdamedia
=338  \\$aonline resource$bcr$2rdacarrier
=490  1\$6880-05$aTōyō bunko;$v129
=500  \\$6880-06$aShohan: Shōwa 8-nen.
=588  0\$aPrint version record.
=650  \7$aManners and customs.$2fast$0(OCoLC)fst01007815
=651  \0$aKyoto (Japan)$xSocial life and customs.
=651  \7$aJapan$zKyoto.$2fast$0(OCoLC)fst01207923
=653  \\$6880-07$aKyōtofu$aFūzokushūkan.
=773  0\$tJapanKnowledge
=776  08$iPrint version:$aInoue, Yoritoshi.$tKyōto minzokushi.$bKaiteiban.$dTōkyō, Heibonsha, Shōwa 43 [1968]$z4582801293
=830  \0$6880-08$aTōyō bunko$v129.
=856  40$3JapanKnowledge$uhttp://japanknowledge.com/lib/display/?lid=80010V0129P0002$yJapanKnowledge Lib
=880  1\$6100-01/{dollar}1$a井上頼寿,$d1900-1979.
=880  10$6245-02/{dollar}1$a京都民俗志 ;$c井上頼寿.
=880  \\$6250-03/{dollar}1$a改訂版.
=880  \\$6260-04/{dollar}1$a東京,$b平凡社,$c昭和43 [1968]
=880  1\$6490-05/{dollar}1$a東洋文庫;$v129
=880  \\$6500-06/{dollar}1$a初版: 昭和8年.
=880  \\$6653-07/{dollar}1$a京都府$a風俗・習慣.
=880  \0$6830-08/{dollar}1$a東洋文庫 ;$v129.
=859  \\$aORR$bJapanKnowledge
=CAT  \\$aW1704-1242$b00$c20170509$lBLL01$h0927
=CAT  \\$aBATCH-UPD$b00$c20170509$lBLL01$h0931
=CAT  \\$aBATCH-UPD$b00$c20170509$lBLL01$h0939
=CAT  \\$aW2003-0365$c20200305$lBLL01$h1101
=FIN  \\$aY$d20170509
=SID  \\$aZ30$bOCLC
=SRC  \\$aJapanKnowledge_2017$bJK_OCLC20170203.mrc
=LAS  \\$aW2003-0365$b00$c20200305$lBLL01$h1101

