=LDR  01987 am a22005534i 4500
=001  018337916
=003  Uk
=005  20170106042900.0
=006  m\\\\\o\\d\\\\\\\\
=007  cr\|||||||||||
=008  151113s1993\\\\ja\\\\\\o\\\\\000\0\jpn\d
=FMT  \\$a  BK
=020  \\$z4560057478
=020  \\$z9784560057476
=035  \\$a(OCoLC)929030601
=040  \\$aYUS$beng$cYUS$dYUS$dOCLCO$dOCLCF$dUk$erda$epn
=041  1\$ajpn$hfre
=043  \\$ae-rm---
=245  00$6880-01$aRūmania shi /$cJoruju Kasuteran [cho] ; Hagiwara Tadashi yaku.
=264  \1$6880-02$aTōkyō :$bHakusuisha,$c1993.
=300  \\$a1 online resource.
=336  \\$atext$btxt$2rdacontent
=337  \\$acomputer$bc$2rdamedia
=338  \\$aonline resource$bcr$2rdacarrier
=490  1\$6880-03$aBunko kuseju ;$v747
=588  \\$aDescription based on print version.
=651  \0$aRomania$xHistory.
=651  \7$aRomania.$2fast$0(OCoLC)fst01205085
=655  \7$aHistory.$2fast$0(OCoLC)fst01411628
=700  1\$6880-04$aHagiwara, Tadashi,$d1927-
=700  1\$aCastellan, Georges.
=730  0\$aHistoire de la Roumanie.
=773  0\$tJapanKnowledge
=776  08$iPrint version:$tRūmaniashi.
=830  \0$6880-05$aBunko kuseju$v747.
=856  40$3JapanKnowledge$uhttp://japanknowledge.com/lib/display/?lid=8021007470000$yJapanKnowledge Lib
=880  00$6245-01/{dollar}1$aルーマニア史 /$cジョルジュ・カステラン [著] ; 萩原直訳.
=880  \1$6264-02/{dollar}1$a東京 :$b白水社,$c1993.
=880  1\$6490-03/{dollar}1$a文庫クセジュ ;$v747
=880  1\$6700-04/{dollar}1$a萩原直,$d1927-
=880  \0$6830-05/{dollar}1$a文庫クセジュ ;$v747.
=859  \\$aORR$bJapanKnowledge
=CAT  \\$aW1704-1242$b00$c20170509$lBLL01$h0927
=CAT  \\$aBATCH-UPD$b00$c20170509$lBLL01$h0931
=CAT  \\$aW2003-0365$c20200305$lBLL01$h1101
=FIN  \\$aY$d20170509
=SID  \\$aZ30$bOCLC
=SRC  \\$aJapanKnowledge_2017$bJK_OCLC20170203.mrc
=LAS  \\$aW2003-0365$b00$c20200305$lBLL01$h1101

