=LDR  02380 am a22005774i 4500
=001  018337917
=003  Uk
=005  20170106042900.0
=006  m\\\\\o\\d\\\\\\\\
=007  cr\|||||||||||
=008  160115s1994\\\\ja\\\\\\o\\\\\000\0\jpn\d
=FMT  \\$a  BK
=020  \\$z4560057494
=020  \\$z9784560057490
=035  \\$a(OCoLC)934799122
=040  \\$aSTF$beng$cYUS$dOCLCO$dYUS$dOCLCO$dUk$erda$epn
=041  1\$ajpn$hfre
=050  \4$aB3148$b.S343163 1994
=100  1\$aSans, Édouard,$eauthor.
=240  10$aSchopenhauer.$lJapanese
=245  10$6880-01$aShōpenhauā /$cEduāru Sansu cho ; Harada Yoshihiko yaku.
=264  \1$6880-02$aTōkyō :$bHakusuisha,$c1994.
=300  \\$a1 online resource.
=336  \\$atext$btxt$2rdacontent
=337  \\$acomputer$bc$2rdamedia
=338  \\$aonline resource$bcr$2rdacarrier
=490  1\$6880-03$aBunko kuseju ;$v749
=500  \\$aTranslation of: Schopenhauer. Paris : Presses universitaires de France, 1990.
=588  \\$aDescription based on print version record.
=600  10$aSchopenhauer, Arthur,$d1788-1860.
=600  17$aSchopenhauer, Arthur,$d1788-1860$2fast$0(OCoLC)fst00051863
=700  1\$6880-04$aHarada, Yoshihiko,$d1944-$etranslator.
=730  0\$aSchopenhauer.
=773  0\$tJapanKnowledge
=776  08$6880-05$iPrint version:$aSans, Édouard.$sSchopenhauer. Japanese.$tShōpenhauā.$dTōkyō : Hakusuisha, 1994
=830  \0$6880-06$aBunko kuseju$v749.
=856  40$3JapanKnowledge$uhttp://japanknowledge.com/lib/display/?lid=8021007490000$yJapanKnowledge Lib
=880  10$6245-01$aショーペンハウアー /$cエドゥアール・サンス著 ; 原田佳彦訳.
=880  \1$6264-02$a東京 :$b白水社,$c1994.
=880  1\$6490-03$a文庫クセジュ ;$v749
=880  1\$6700-04$a原田佳彦,$d1944-$etranslator.
=880  08$6776-05$iPrint version:$aSans, Édouard.$sSchopenhauer. Japanese.$tショーペンハウアー.$d東京 : 白水社, 1994$w(OCoLC)47317186
=880  \0$6830-06$a文庫クセジュ ;$v749.
=859  \\$aORR$bJapanKnowledge
=CAT  \\$aW1704-1242$b00$c20170509$lBLL01$h0927
=CAT  \\$aBATCH-UPD$b00$c20170509$lBLL01$h0931
=CAT  \\$aW2003-0365$c20200305$lBLL01$h1101
=FIN  \\$aY$d20170509
=SID  \\$aZ30$bOCLC
=SRC  \\$aJapanKnowledge_2017$bJK_OCLC20170203.mrc
=LAS  \\$aW2003-0365$b00$c20200305$lBLL01$h1101

