=LDR  03623 am a22008657a 4500
=001  018337918
=003  Uk
=005  20180807155144.0
=006  m\\\\\o\\d\\\\\\\\
=007  cr\|||||||||||
=008  101117s1988\\\\ja\b\\\\ob\\\\000\0\jpn\d
=FMT  \\$a  BK
=019  \\$a608577681$a647039657
=020  \\$z4582804950
=020  \\$z9784582804959
=035  \\$a(OCoLC)681814425$z(OCoLC)608577681$z(OCoLC)647039657
=040  \\$aOCLCE$beng$cOCLCE$dOCLCQ$dCUS$dOCLCQ$dOCLCA$dOCLCO$dOCLCQ$dOCLCF$dYUS$dOCLCO$dYUS$dOCLCO$dOCLCQ$dYUS$dOCLCO$dUk$epn
=042  \\$adlr
=043  \\$aa-cc-fu$aa-ch---
=050  \4$aDS799.65$b.C515 1988
=100  1\$6880-01$aChen, Shengshao,$dactive 1826
=240  10$6880-02$aWen su lu.$lJapanese
=245  10$6880-03$aMonzokuroku :$bFukken Taiwan no minzoku to shakai /$cChin Sei-shō ; Kojima Shinji, Ueda Makoto, Kurihara Jun yaku.
=250  \\$6880-04$aShohan.
=260  \\$6880-05$aTōkyō :$bHeibonsha,$c1988.
=300  \\$6880-06$a1 online resource (xii, 254, 16 pages) :$bmaps.
=336  \\$atext$btxt$2rdacontent
=337  \\$acomputer$bc$2rdamedia
=338  \\$aonline resource$bcr$2rdacarrier
=490  1\$6880-07$aTōyō bunko ;$v495
=504  \\$aIncludes bibliographical references.
=588  0\$aPrint version record.
=648  \7$aTo 1895$2fast
=650  \7$6880-08$aFukkensho$xFuzoku.$2jlabsh
=650  \7$6880-09$aTaiwan$xFuzoku.$2jlabsh
=650  \7$6880-10$aChugoku$xFuzoku.$2jlabsh
=651  \0$aFujian Sheng (China)$xHistory$vAnecdotes.
=651  \0$aTaiwan$xHistory$yTo 1895$vAnecdotes.
=651  \7$aChina$zFujian Sheng.$2fast$0(OCoLC)fst01209951
=651  \7$aTaiwan.$2fast$0(OCoLC)fst01207854
=655  \7$aAnecdotes.$2fast$0(OCoLC)fst01423876
=655  \7$aHistory.$2fast$0(OCoLC)fst01411628
=700  1\$6880-11$aKojima, Shinji,$d1928-2017
=700  1\$6880-12$aUeda, Makoto,$d1957-
=700  1\$6880-13$aKurihara, Jun,$d1947-
=773  0\$tJapanKnowledge
=776  08$iPrint version:$aChen, Shengshao, active 1826.$sWen su lu. Japanese.$tMonzokuroku.$bShohan.$dTōkyō : Heibonsha, 1988
=830  \0$6880-14$aTōyō bunko$v495.
=856  40$3JapanKnowledge$uhttp://japanknowledge.com/lib/display/?lid=80010V0495P0002$yJapanKnowledge Lib
=880  1\$6100-01/{dollar}1$a陈盛韶,$dactive 1826.
=880  10$6240-02/{dollar}1$a问俗录.$lJapanese
=880  10$6245-03/{dollar}1$a問俗錄 :$b福建. 台湾の民俗と社会 /$c陳盛韶 ; 小島晋治, 上田信, 栗原純訳.
=880  \\$6250-04/{dollar}1$a初版.
=880  \\$6260-05/{dollar}1$a東京 :$b平凡社,$c1988.
=880  \\$6300-06/{dollar}1$a1 online resource (xii, 254 pages :$b地図.
=880  1\$6490-07/{dollar}1$a東洋文庫 ;$v495
=880  \7$6650-08/{dollar}1$a福建省$x風俗.$2jlabsh
=880  \7$6650-09/{dollar}1$a台湾$x風俗.$2jlabsh
=880  \7$6650-10/{dollar}1$a中国$x風俗.$2jlabsh
=880  1\$6700-11/{dollar}1$a小島晋治,$d1928-
=880  1\$6700-12/{dollar}1$a上田信,$d1957-
=880  1\$6700-13/{dollar}1$a栗原純,$d1947-
=880  0\$6765-00/{dollar}1$aT 蠡測匯鈔・問俗〓$d[s.l.] : 書目文献出版社, 1983
=880  \0$6830-14/{dollar}1$a東洋文庫 ;$v495.
=859  \\$aORR$bJapanKnowledge
=CAT  \\$aW1704-1242$b00$c20170509$lBLL01$h0927
=CAT  \\$aBATCH-UPD$b00$c20170509$lBLL01$h0931
=CAT  \\$aBATCH-UPD$b00$c20170509$lBLL01$h0939
=CAT  \\$a12666$b40$c20180807$lBLL01$h1551
=CAT  \\$aBATCH-UPD$b40$c20180807$lBLL01$h1552
=CAT  \\$aW2003-0365$c20200305$lBLL01$h1101
=FIN  \\$aY$d20170509
=SID  \\$aZ30$bOCLC
=SRC  \\$aJapanKnowledge_2017$bJK_OCLC20170203.mrc
=LAS  \\$aW2003-0365$b00$c20200305$lBLL01$h1101

