=LDR  02122 am a22005534i 4500
=001  018337919
=003  Uk
=005  20170106042901.0
=006  m\\\\\o\\d\\\\\\\\
=007  cr\|||||||||||
=008  151117s2005\\\\ja\\\\\gob\\\\000\0\jpn\d
=FMT  \\$a  BK
=020  \\$z4560508844
=020  \\$z9784560508848
=035  \\$a(OCoLC)929688457
=040  \\$aWTU$beng$cYUS$dOCLCO$dYUS$dOCLCO$dOCLCF$dUk$erda$epn
=041  1\$ajpn$hfre
=100  1\$aLledo, Pierre-Marie,$eauthor.
=240  10$aMaladies à prions.$lJapanese
=245  10$6880-01$aPurionbyō to wa nani ka /$cPiēru Mari Jedo cho ; Momoki Akiko yaku.
=264  \1$6880-02$aTōkyō :$bHakusuisha,$c2005.
=300  \\$a1 online resource.
=336  \\$atext$btxt$2rdacontent
=337  \\$acomputer$bc$2rdamedia
=338  \\$aonline resource$bcr$2rdacarrier
=490  1\$6880-03$aBunko Kuseju ;$v884
=504  \\$aIncludes bibliographical references.
=588  \\$aDescription based on print version.
=650  \0$aPrion diseases.
=650  \7$aPrion diseases.$2fast$0(OCoLC)fst01076975
=700  1\$6880-04$aMomoki, Akiko,$d1950-$etranslator.
=700  1\$iTranslation of:$aLledo, Pierre-Marie.$tLes maladies à prions.
=773  0\$tJapanKnowledge
=776  08$iPrint version:$tPurionbyō towa nanika
=830  \0$6880-05$aBunko kuseju$v884.
=856  40$3JapanKnowledge$uhttp://japanknowledge.com/lib/display/?lid=8021008840000$yJapanKnowledge Lib
=880  10$6245-01/{dollar}1$aプリオン病とは何か /$cピエール=マリ・ジェド著 ; 桃木暁子訳.
=880  \1$6264-02/{dollar}1$a東京 :$b白水社,$c2005.
=880  1\$6490-03/{dollar}1$a文庫クセジュ ;$v884
=880  1\$6700-04/{dollar}1$a桃木暁子,$d1950-$etranslator.
=880  \0$6830-05/{dollar}1$a文庫クセジュ ;$v884.
=859  \\$aORR$bJapanKnowledge
=CAT  \\$aW1704-1242$b00$c20170509$lBLL01$h0927
=CAT  \\$aBATCH-UPD$b00$c20170509$lBLL01$h0931
=CAT  \\$aW2003-0365$c20200305$lBLL01$h1101
=FIN  \\$aY$d20170509
=SID  \\$aZ30$bOCLC
=SRC  \\$aJapanKnowledge_2017$bJK_OCLC20170203.mrc
=LAS  \\$aW2003-0365$b00$c20200305$lBLL01$h1101

