=LDR  02370cam a22006254i 4500
=001  018337920
=003  Uk
=005  20170106042901.0
=006  m\\\\\o\\d\\\\\\\\
=007  cr\|||||||||||
=008  151113s1994\\\\ja\\\\\\o\\\\\000\0\jpn\d
=FMT  \\$a  BK
=020  \\$z4560057605
=020  \\$z9784560057605
=035  \\$a(OCoLC)929030541
=040  \\$aYUS$beng$cYUS$dYUS$dOCLCO$dOCLCF$dUk$erda$epn
=041  1\$ajpn$hfre
=043  \\$ae------
=050  \4$aGN575$b.C85163 1994
=100  1\$aCuisenier, Jean,$d1927-$eauthor.
=240  10$aEthnologie de l'Europe.$lJapanese
=245  10$6880-01$aYōroppa no minzokugaku /$cJan Kyuizunie [cho] ; Higuchi Jun, Nomura Noriko, Morooka Yasue yaku.
=264  \1$6880-02$aTōkyō :$bHakusuisha,$c1994.
=300  \\$a1 online resource.
=336  \\$atext$btxt$2rdacontent
=337  \\$acomputer$bc$2rdamedia
=338  \\$aonline resource$bcr$2rdacarrier
=490  1\$6880-03$aBunko kuseju ;$v760
=588  \\$aDescription based on print version.
=650  \0$aEthnology$zEurope.
=650  \7$aEthnology.$2fast$0(OCoLC)fst00916106
=651  \7$aEurope.$2fast$0(OCoLC)fst01245064
=700  1\$6880-04$aHiguchi, Atsushi,$d1946-
=700  1\$6880-05$aNomura, Noriko,$d1951-
=700  1\$6880-06$aMorooka, Yasue,$d1950-
=773  0\$tJapanKnowledge
=776  08$iPrint version:$tYōroppa no minzokugaku.
=830  \0$6880-07$aBunko kuseju$v760.
=856  40$3JapanKnowledge$uhttp://japanknowledge.com/lib/display/?lid=8021007600000$yJapanKnowledge Lib
=880  10$6245-01/{dollar}1$aヨーロッパの民族学 /$cジャン・キュイズニエ [著] ; 樋口淳, 野村訓子, 諸岡保江共訳.
=880  \1$6264-02/{dollar}1$a東京 :$b白水社,$c1994.
=880  1\$6490-03/{dollar}1$a文庫クセジュ ;$v760
=880  1\$6700-04/{dollar}1$a樋口淳,$d1946-
=880  1\$6700-05/{dollar}1$a野村訓子,$d1951-
=880  1\$6700-06/{dollar}1$a諸岡保江,$d1950-
=880  \0$6830-07/{dollar}1$a文庫クセジュ ;$v760.
=859  \\$aORR$bJapanKnowledge
=CAT  \\$aW1704-1242$b00$c20170509$lBLL01$h0927
=CAT  \\$aBATCH-UPD$b00$c20170509$lBLL01$h0931
=CAT  \\$aW2003-0365$c20200305$lBLL01$h1101
=CAT  \\$aBATCH-UPD$b00$c20221120$lBLL01$h2113
=FIN  \\$aY$d20170509
=SID  \\$aZ30$bOCLC
=SRC  \\$aJapanKnowledge_2017$bJK_OCLC20170203.mrc
=LAS  \\$aBATCH-UPD$b00$c20221120$lBLL01$h2113

