=LDR  02067 am a22005534i 4500
=001  018337921
=003  Uk
=005  20170106042902.0
=006  m\\\\\o\\d\\\\\\\\
=007  cr\|||||||||||
=008  151113s1998\\\\ja\\\\\\o\\\\\000\0\jpn\d
=FMT  \\$a  BK
=020  \\$z4560058016
=020  \\$z9784560058015
=035  \\$a(OCoLC)929030597
=040  \\$aYUS$beng$cYUS$dOCLCO$dYUS$dOCLCO$dOCLCF$dOCLCO$dUk$erda$epn
=041  1\$ajpn$hfre
=245  00$6880-01$aWain no bunkashi /$cJan-Furansowa Gōtie cho ; Yagi Naoko yaku.
=264  \1$6880-02$aTōkyō :$bHakusuisha,$c1998.
=300  \\$a1 online resource.
=336  \\$atext$btxt$2rdacontent
=337  \\$acomputer$bc$2rdamedia
=338  \\$aonline resource$bcr$2rdacarrier
=490  1\$6880-03$aBunko kuseju ;$v801
=588  \\$aDescription based on print version.
=650  \0$aWine and wine making$xHistory.
=650  \7$aWine and wine making.$2fast$0(OCoLC)fst01175907
=655  \7$aHistory.$2fast$0(OCoLC)fst01411628
=700  1\$6880-04$aYagi, Naoko,$d1957-
=700  1\$aGautier, Jean-François.
=730  0\$aHistoire du vin.
=773  0\$tJapanKnowledge
=776  08$iPrint version:$tWain no bunkashi.
=830  \0$6880-05$aBunko kuseju$v801.
=856  40$3JapanKnowledge$uhttp://japanknowledge.com/lib/display/?lid=8021008010000$yJapanKnowledge Lib
=880  00$6245-01/{dollar}1$aワインの文化史 /$cジャン=フランソワ・ゴーティエ著 ; 八木尚子訳.
=880  \1$6264-02/{dollar}1$a東京 :$b白水社,$c1998.
=880  1\$6490-03/{dollar}1$a文庫クセジュ ;$v801
=880  1\$6700-04/{dollar}1$a八木尚子,$d1957-
=880  \0$6830-05/{dollar}1$a文庫クセジュ ;$v801.
=859  \\$aORR$bJapanKnowledge
=CAT  \\$aW1704-1242$b00$c20170509$lBLL01$h0927
=CAT  \\$aBATCH-UPD$b00$c20170509$lBLL01$h0931
=CAT  \\$aW2003-0365$c20200305$lBLL01$h1101
=CAT  \\$aBATCH-UPD$b00$c20200530$lBLL01$h1731
=FIN  \\$aY$d20170509
=SID  \\$aZ30$bOCLC
=SRC  \\$aJapanKnowledge_2017$bJK_OCLC20170203.mrc
=LAS  \\$aBATCH-UPD$b00$c20200530$lBLL01$h1731

