=LDR  02224 am a22005894i 4500
=001  018337922
=003  Uk
=005  20170106042902.0
=006  m\\\\\o\\d\\\\\\\\
=007  cr\|||||||||||
=008  151113s1988\\\\ja\\\\\go\\\\\000\0\jpnod
=FMT  \\$a  BK
=020  \\$z4560056897
=020  \\$z9784560056899
=035  \\$a(OCoLC)929031421
=040  \\$aCNEAL$beng$cYUS$dOCLCO$dYUS$dOCLCO$dOCLCF$dUk$erda$epn
=041  1\$ajpn$hfre
=050  \4$aP375$b.B344165 1988
=100  10$aBreton, Roland J. L.,$eauthor.
=240  10$aǦographie des langues.$lJapanese
=245  10$6880-01$aGengo no chirigaku /$cRoran Bureton cho ; Tanabe Hiroshi, Nakamata Hitoshi kyōyaku.
=264  \1$6880-02$aTōkyō :$bHakusuisha,$c1988.
=300  \\$a1 online resource.
=336  \\$atext$btxt$2rdacontent
=337  \\$acomputer$bc$2rdamedia
=338  \\$aonline resource$bcr$2rdacarrier
=490  1\$6880-03$aBunko kuseju ;$v689
=500  \\$aTranslation of: Ǧographie des langues.
=588  \\$aDescription based on print version.
=650  \0$aLinguistic geography.
=650  \7$aLinguistic geography.$2fast$0(OCoLC)fst00999171
=700  1\$6880-04$aTanabe, Hiroshi,$d1936-
=700  1\$6880-05$aNakamata, Hitoshi,$d1952-
=773  0\$tJapanKnowledge
=776  08$iPrint version:$tGengo no chirigaku
=830  \0$6880-06$aBunko kuseju$v689.
=856  40$3JapanKnowledge$uhttp://japanknowledge.com/lib/display/?lid=8021006890000$yJapanKnowledge Lib
=880  10$6245-01/{dollar}1$a言語の地理学 /$cロラン・ブルトン著 ; 田辺裕,中俣均共訳
=880  \1$6264-02/{dollar}1$a東京 :$b白水社,$c1988.
=880  1\$6490-03/{dollar}1$a文庫クセジュ ;$v689
=880  1\$6700-04/{dollar}1$a田辺裕,$d1936-
=880  1\$6700-05/{dollar}1$a中俣均,$d1952-
=880  \0$6830-06/{dollar}1$a文庫クセジュ ;$v689.
=859  \\$aORR$bJapanKnowledge
=CAT  \\$aW1704-1242$b00$c20170509$lBLL01$h0927
=CAT  \\$aBATCH-UPD$b00$c20170509$lBLL01$h0931
=CAT  \\$aBATCH-UPD$b00$c20170509$lBLL01$h0939
=CAT  \\$aW2003-0365$c20200305$lBLL01$h1101
=FIN  \\$aY$d20170509
=SID  \\$aZ30$bOCLC
=SRC  \\$aJapanKnowledge_2017$bJK_OCLC20170203.mrc
=LAS  \\$aW2003-0365$b00$c20200305$lBLL01$h1101

