=LDR  03163 am a22007577  4500
=001  018337923
=003  Uk
=005  20170106042902.0
=006  m\\\\\o\\d\\\\\\\\
=007  cr\|||||||||||
=008  100626s1971\\\\ja\a\\\\o\\\\\000\0\jpn\d
=FMT  \\$a  BK
=019  \\$a301062881
=020  \\$z4582801935
=020  \\$z9784582801934
=035  \\$a(OCoLC)643717242$z(OCoLC)301062881
=040  \\$aOCLCE$beng$cOCLCE$dOCLCQ$dOCLCO$dOCLCQ$dCUS$dOCLCF$dYUS$dOCLCO$dYUS$dOCLCO$dOCLCQ$dYUS$dOCLCO$dUk$epn
=041  1\$ajpn$hkor
=042  \\$adlr
=043  \\$aa-kr---
=050  \4$aGT4886.K7$bH616
=100  1\$6880-01$aHong, Sŏng-mo.
=240  10$6880-02$aTongguk sesigi.$lJapanese
=245  10$6880-03$aChōsen saijiki$cKō Shakubo [and others] cho, Kyō Zaigen yakuchū.
=250  \\$6880-04$aShohan.
=260  \\$6880-05$aTōkyō,$bHeibonsha,$cShōwa 46 (1971)
=300  \\$a1 online resource (284 pages)$billustrations.
=336  \\$atext$btxt$2rdacontent
=337  \\$acomputer$bc$2rdamedia
=338  \\$aonline resource$bcr$2rdacarrier
=490  1\$6880-06$aTōyō bunko ;$v193
=505  0\$6880-07$aTōgoku saijiki, Kō Shakubo cho--Retsuyō saijiki, Kin Maijun cho--Kyōto zasshi, Ryū Tokkyō cho.
=546  \\$aTranslation of Tongguk sesigi.
=588  0\$aPrint version record.
=650  \0$aHolidays$zKorea.
=650  \7$aHolidays.$2fast$0(OCoLC)fst00958730
=650  \7$aManners and customs.$2fast$0(OCoLC)fst01007815
=651  \0$aKorea$xSocial life and customs.
=651  \7$aKorea.$2fast$0(OCoLC)fst01206434
=653  \\$6880-08$aNenchūgyōji$aChōsen.
=700  12$6880-09.$aKim, Mae-sun.$tYŏryang sesigi.$lJapanese.
=700  12$6880-10.$aYu, Tŭk-kong.$tKyŏngdo chapchi.$lJapanese.
=773  0\$tJapanKnowledge
=776  08$iPrint version:$aHong, Sŏng-mo.$sTongguk sesigi. Japanese.$tChōsen saijiki.$bShohan.$dTōkyō, Heibonsha, Shōwa 46 (1971)
=830  \0$6880-11$aTōyō bunko$v193.
=856  40$3JapanKnowledge$uhttp://japanknowledge.com/lib/display/?lid=80010V0193P0003$yJapanKnowledge Lib
=880  1\$6100-01/{dollar}1$a洪錫謨.
=880  10$6240-02/{dollar}1$a東国歲時記.$lJapanese
=880  10$6245-03/{dollar}1$a朝鮮歲時記,$c洪錫謨 [and others]著, 姜在彥訳注.
=880  \\$6250-04/{dollar}1$a初版.
=880  \\$6260-05/{dollar}1$a東京,$b平凡社,$c昭和46 (1971)
=880  1\$6490-06/{dollar}1$a東洋文庫 ;$v193
=880  0\$6505-07/{dollar}1$a東国歲時記, 洪錫謨著--洌陽歲時記, 金邁淳著--京都雜志, 柳得恭著.
=880  \\$6653-08/{dollar}1$a年中行事$a朝鮮.
=880  12$6700-09/{dollar}1$a金邁淳.$t洌陽歲時記.$lJapanese.
=880  12$6700-10/{dollar}1$a柳得恭.$t京都雜志.$lJapanese.
=880  \0$6830-11/{dollar}1$a東洋文庫 ;$v193.
=859  \\$aORR$bJapanKnowledge
=CAT  \\$aW1704-1242$b00$c20170509$lBLL01$h0927
=CAT  \\$aBATCH-UPD$b00$c20170509$lBLL01$h0931
=CAT  \\$aBATCH-UPD$b00$c20170509$lBLL01$h0939
=CAT  \\$aW2003-0365$c20200305$lBLL01$h1101
=FIN  \\$aY$d20170509
=SID  \\$aZ30$bOCLC
=SRC  \\$aJapanKnowledge_2017$bJK_OCLC20170203.mrc
=LAS  \\$aW2003-0365$b00$c20200305$lBLL01$h1101

