=LDR  01976 am a22005294i 4500
=001  018337924
=003  Uk
=005  20170106042902.0
=006  m\\\\\o\\d\\\\\\\\
=007  cr\|||||||||||
=008  151113s1970\\\\ja\\\\\\ob\\\\000\0\jpn\d
=FMT  \\$a  BK
=035  \\$a(OCoLC)929031107
=040  \\$aCNEAL$beng$cYUS$dOCLCO$dYUS$dOCLCO$dOCLCF$dOCLCA$dUk$erda$epn
=041  1\$ajpn$hfre
=050  \4$aBR305.2$b.S83167 1970
=100  1\$aStauffer, Richard,$d1921-1984,$eauthor.
=245  10$6880-01$aShūkyō kaikaku /$cRishāru Stofēru cho ; Isomi Tatsunori yaku.
=264  \1$6880-02$aTōkyō :$bHakusuisha,$c1970.
=300  \\$a1 online resource.
=336  \\$atext$btxt$2rdacontent
=337  \\$acomputer$bc$2rdamedia
=338  \\$aonline resource$bcr$2rdacarrier
=490  1\$6880-03$aBunko kuseju ;$v484
=504  \\$aIncludes bibliographical references.
=588  \\$aDescription based on print version.
=650  \0$aReformation.
=650  \7$aReformation.$2fast$0(OCoLC)fst01092555
=700  1\$6880-04$aIsomi, Tatsunori,$d1928-
=730  0\$aRéforme.
=773  0\$tJapanKnowledge
=776  08$iPrint version:$tShūkyō kaikaku
=830  \0$6880-05$aBunko kuseju$v484.
=856  40$3JapanKnowledge$uhttp://japanknowledge.com/lib/display/?lid=8021004840000$yJapanKnowledge Lib
=880  10$6245-01/{dollar}1$a宗敎改革 /$cリシャール・ストフェール著 ; 磯見辰典訳.
=880  \1$6264-02/{dollar}1$a東京 :$b白水社,$c1970.
=880  1\$6490-03/{dollar}1$a文庫クセジュ ;$v484
=880  1\$6700-04/{dollar}1$a磯見辰典,$d1928-
=880  \0$6830-05/{dollar}1$a文庫クセジュ ;$v484.
=859  \\$aORR$bJapanKnowledge
=CAT  \\$aW1704-1242$b00$c20170509$lBLL01$h0927
=CAT  \\$aBATCH-UPD$b00$c20170509$lBLL01$h0931
=CAT  \\$aW2003-0365$c20200305$lBLL01$h1101
=FIN  \\$aY$d20170509
=SID  \\$aZ30$bOCLC
=SRC  \\$aJapanKnowledge_2017$bJK_OCLC20170203.mrc
=LAS  \\$aW2003-0365$b00$c20200305$lBLL01$h1101

