=LDR  02404 am a22006374i 4500
=001  018337925
=003  Uk
=005  20170106042903.0
=006  m\\\\\o\\d\\\\\\\\
=007  cr\|||||||||||
=008  151214s1976\\\\ja\\\\\\ob\\\\000\0\jpn\d
=FMT  \\$a  BK
=020  \\$z456005598X
=020  \\$z9784560055984
=035  \\$a(OCoLC)932129336
=040  \\$aCNEAL$beng$cYUS$dOCLCO$dOCLCF$dUk$erda$epn
=041  1\$ajpn$hfre
=050  \4$aPE1576$b.B33165 1976
=100  1\$aBacquet, Paul,$eauthor.
=240  10$aVocabulaire anglais.$lJapanese
=245  10$6880-01$aEigo no goi /$cPōru Bake cho ; Morimoto Hideo, Ōizumi Akio kyōyaku.
=264  \1$6880-02$aTōkyō :$bHakusuisha,$c1976.
=300  \\$a1 online resource.
=336  \\$atext$btxt$2rdacontent
=337  \\$acomputer$bc$2rdamedia
=338  \\$aonline resource$bcr$2rdacarrier
=490  1\$6880-03$aBunko kuseju ;$v598
=500  \\$aTranslation of: Le vocabulaire anglais.
=504  \\$aIncludes bibliographical references.
=588  \\$aDescription based on print version.
=650  \0$aEnglish language$xEtymology.
=650  \0$aEnglish language$xHistory.
=650  \7$aEnglish language.$2fast$0(OCoLC)fst00910920
=650  \7$aEnglish language$xEtymology.$2fast$0(OCoLC)fst00911149
=655  \7$aHistory.$2fast$0(OCoLC)fst01411628
=700  1\$6880-04$aMorimoto, Hideo,$d1934-
=700  1\$6880-05$aOizumi, Akio,$d1935-
=773  0\$tJapanKnowledge
=776  08$iPrint version:$tEigo no goi.
=830  \0$6880-06$aBunko kuseju$v598.
=856  40$3JapanKnowledge$uhttp://japanknowledge.com/lib/display/?lid=8021005980000$yJapanKnowledge Lib
=880  10$6245-01/{dollar}1$a英語の語彙 /$cポール・バケ著 ; 森本英夫, 大泉昭夫共訳.
=880  \1$6264-02/{dollar}1$a東京 :$b白水社,$c1976.
=880  1\$6490-03/{dollar}1$a文庫クセジュ ;$v598
=880  1\$6700-04/{dollar}1$a森本英夫,$d1934-
=880  1\$6700-05/{dollar}1$a大泉昭夫,$d1935-
=880  \0$6830-06/{dollar}1$a文庫クセジュ ;$v598.
=859  \\$aORR$bJapanKnowledge
=CAT  \\$aW1704-1242$b00$c20170509$lBLL01$h0927
=CAT  \\$aBATCH-UPD$b00$c20170509$lBLL01$h0931
=CAT  \\$aBATCH-UPD$b00$c20170509$lBLL01$h0939
=CAT  \\$aW2003-0365$c20200305$lBLL01$h1101
=FIN  \\$aY$d20170509
=SID  \\$aZ30$bOCLC
=SRC  \\$aJapanKnowledge_2017$bJK_OCLC20170203.mrc
=LAS  \\$aW2003-0365$b00$c20200305$lBLL01$h1101

