=LDR  02871 am a22006737a 4500
=001  018337926
=003  Uk
=005  20171106145256.0
=006  m\\\\\o\\d\\\\\\\\
=007  cr\|||||||||||
=008  111007s2000\\\\ja\\\\\\ob\\\\000\p\jpn\d
=FMT  \\$a  BK
=020  \\$z4582806775
=020  \\$z9784582806779
=035  \\$a(OCoLC)756234273
=040  \\$aOCLCE$beng$cOCLCE$dCUS$dOCLCQ$dOCLCA$dOCLCQ$dOCLCF$dOCLCO$dOCL$dOCLCO$dYUS$dOCLCO$dOCLCA$dYUS$dOCLCO$dOCL$dOCLCO$dOCLCQ$dYUS$dOCLCO$dUk$epn
=041  1\$ajpn$hsan
=042  \\$adlr
=050  \4$aPK3794.J3$bG5165 2000
=100  0\$aJayadeva,$dactive 12th century.
=240  10$aGītagovinda.$lJapanese
=245  10$6880-01$aHindūkyō no seiten nihen :$bGīta Gōvinda, Dēvī Māhātomya /$cOgura Yasushi, Yokochi Yūko yakuchū.
=246  3\$6880-02$aHindūkyō no seiten 2-hen
=250  \\$6880-03$aShohan.
=260  \\$6880-04$aTōkyō :$bHeibonsha,$c2000.
=300  \\$a1 online resource (280 pages).
=336  \\$atext$btxt$2rdacontent
=337  \\$acomputer$bc$2rdamedia
=338  \\$aonline resource$bcr$2rdacarrier
=490  1\$6880-05$aTōyō bunko ;$v677
=504  \\$aIncludes bibliographical references.
=588  0\$aPrint version record.
=600  00$aKrishna$c(Hindu deity)
=600  07$aKrishna$c(Hindu deity)$2fast$0(OCoLC)fst00989141
=600  00$aDurgā$c(Hindu deity)$vPrayers and devotions$xSanskrit.
=650  \0$aRādhā (Hindu deity)$vPoetry.
=600  07$aDurgā$c(Hindu deity)$2fast$0(OCoLC)fst00899573
=650  \7$aRādhā (Hindu deity)$2fast$0(OCoLC)fst01102716
=655  \7$aPoetry.$2fast$0(OCoLC)fst01423828
=655  \7$aPrayers and devotions.$2fast$0(OCoLC)fst01423909
=773  0\$tJapanKnowledge
=776  08$iPrint version:$aJayadeva, 12th cent.$sGītagovinda. Japanese.$tHindūkyō no seiten nihen.$bShohan.$dTōkyō : Heibonsha, 2000$z4582806775
=830  \0$6880-06$aTōyō bunko$v677.
=856  40$3JapanKnowledge$uhttp://japanknowledge.com/lib/display/?lid=80010V0677P0002$yJapanKnowledge Lib
=880  10$6245-01/{dollar}1$aヒンドゥー教の聖典二篇 :$bギータ・ゴーヴィンダ, デーヴィー・マーハートミャ /$c小倉泰, 橫地優子訳注.
=880  3\$6246-02/{dollar}1$aヒンドゥー教の聖典 2篇
=880  \\$6250-03/{dollar}1$a初版.
=880  \\$6260-04/{dollar}1$a東京 :$b平凡社,$c2000.
=880  1\$6490-05/{dollar}1$a東洋文庫 ;$v677
=880  \0$6830-06/{dollar}1$a東洋文庫 ;$v677.
=859  \\$aORR$bJapanKnowledge
=CAT  \\$aW1704-1242$b00$c20170509$lBLL01$h0927
=CAT  \\$aBATCH-UPD$b00$c20170509$lBLL01$h0931
=CAT  \\$a5194$b40$c20171106$lBLL01$h1452
=CAT  \\$aW2003-0365$c20200305$lBLL01$h1101
=FIN  \\$aY$d20170509
=SID  \\$aZ30$bOCLC
=SRC  \\$aJapanKnowledge_2017$bJK_OCLC20170203.mrc
=LAS  \\$aW2003-0365$b00$c20200305$lBLL01$h1101

