=LDR  02193 am a22005774i 4500
=001  018337927
=003  Uk
=005  20170106042904.0
=006  m\\\\\o\\d\\\\\\\\
=007  cr\|||||||||||
=008  151113s1973\\\\ja\\\\\\ob\\\\000\0\jpn\d
=FMT  \\$a  BK
=020  \\$z4560055300
=020  \\$z9784560055304
=035  \\$a(OCoLC)929029062
=040  \\$aWTU$beng$cYUS$dOCLCO$dYUS$dOCLCO$dOCLCF$dUk$erda$epn
=041  1\$ajpn$hfre
=100  1\$aDevèze, Michel,$eauthor.
=240  10$aHistoire des forêts.$lJapanese
=245  10$6880-01$aShinrin no rekishi /$cMisheru Dovēzu cho ; Inomata Reiji yaku.
=264  \1$6880-02$aTōkyō :$bHakusuisha,$c1973.
=300  \\$a1 online resource.
=336  \\$atext$btxt$2rdacontent
=337  \\$acomputer$bc$2rdamedia
=338  \\$aonline resource$bcr$2rdacarrier
=490  1\$6880-03$aBunko kuseju ;$v530
=504  \\$aIncludes bibliographical references.
=588  \\$aDescription based on print version.
=650  \0$aForests and forestry$zEurope$xHistory.
=650  \7$aForests and forestry.$2fast$0(OCoLC)fst00932632
=651  \7$aEurope.$2fast$0(OCoLC)fst01245064
=655  \7$aHistory.$2fast$0(OCoLC)fst01411628
=700  1\$6880-04$aInomata, Reiji,$etranslator.
=700  1\$iTranslation of:$aDevèze, Michel.$tHistoire des forêts.
=773  0\$tJapanKnowledge
=776  08$iPrint version:$tShinrin no rekishi
=830  \0$6880-05$aBunko kuseju$v530.
=856  40$3JapanKnowledge$uhttp://japanknowledge.com/lib/display/?lid=8021005300000$yJapanKnowledge Lib
=880  10$6245-01$a森林の歴史 /$cミシェル・ドヴェーズ著 ; 猪俣礼二訳.
=880  \1$6264-02$a東京 :$b白水社,$c1973.
=880  1\$6490-03$a文庫クセジュ ;$v530
=880  1\$6700-04$a猪俣礼二,$etranslator.
=880  \0$6830-05$a文庫クセジュ ;$v530.
=859  \\$aORR$bJapanKnowledge
=CAT  \\$aW1704-1242$b00$c20170509$lBLL01$h0927
=CAT  \\$aBATCH-UPD$b00$c20170509$lBLL01$h0931
=CAT  \\$aW2003-0365$c20200305$lBLL01$h1101
=FIN  \\$aY$d20170509
=SID  \\$aZ30$bOCLC
=SRC  \\$aJapanKnowledge_2017$bJK_OCLC20170203.mrc
=LAS  \\$aW2003-0365$b00$c20200305$lBLL01$h1101

