=LDR  02437 am a2200625 a 4500
=001  018337928
=003  Uk
=005  20170106042904.0
=006  m\\\\\o\\d\\\\\\\\
=007  cr\un|||||||||
=008  120412s1967\\\\ja\\\\\\ob\\\\000\0\jpn\d
=FMT  \\$a  BK
=035  \\$a(OCoLC)785654787
=040  \\$aCUS$beng$cCUS$dOCLCQ$dOCLCF$dOCLCO$dYUS$dOCLCO$dOCLCQ$dYUS$dOCLCO$dOCLCQ$dYUS$dOCLCO$dUk
=043  \\$aa-ja---
=050  14$aBL2217.6$b.A58 1975
=110  2\$6880-01$aAgui (Kyoto, Japan)
=245  10$6880-02$aShintōshū /$c[Agui cho] ; Kishi Shōzō yaku.
=246  3\$aShintō shu
=250  \\$6880-03$aShohan.
=260  \\$6880-04$aTōkyō :$bHeibonsha,$cShōwa 42 [1967]$g(Shōwa 50 [1975] printing)
=300  \\$a1 online resource (331 pages).
=336  \\$atext$btxt$2rdacontent
=337  \\$acomputer$bc$2rdamedia
=338  \\$aonline resource$bcr$2rdacarrier
=490  1\$6880-05$aTōyō bunko ;$v94
=504  \\$aIncludes bibliographical references.
=588  0\$aPrint version record.
=650  \0$aShinto legends.
=650  \0$aShinto literature.
=650  \0$aShinto.
=650  \7$aShinto legends.$2fast$0(OCoLC)fst01732961
=650  \7$aShinto literature.$2fast$0(OCoLC)fst01116113
=650  \7$aShinto.$2fast$0(OCoLC)fst01116066
=700  1\$6880-06$aKishi, Shōzō,$d1918-1980
=773  0\$tJapanKnowledge
=776  08$iPrint version:$aAgui (Kyoto, Japan).$tShintōshū.$bShohan.$dTōkyō : Heibonsha, Shōwa 42 [1967]
=830  \0$6880-07$aTōyō bunko$v94.
=856  40$3JapanKnowledge$uhttp://japanknowledge.com/lib/display/?lid=80010V0094P0002$yJapanKnowledge Lib
=880  2\$6110-01/{dollar}1$a安居院 (Kyoto, Japan)
=880  10$6245-02/{dollar}1$a神道集 /$c[安居院著] ; 貴志正造訳.
=880  \\$6250-03/{dollar}1$a初版.
=880  \\$6260-04/{dollar}1$a東京 :$b平凡社,$c昭和42 [1967]$g(昭和50 [1975] printing)
=880  1\$6490-05/{dollar}1$a東洋文庫 ;$v94
=880  1\$6700-06/{dollar}1$a貴志正造,$d1918-1980.
=880  \0$6830-07/{dollar}1$a東洋文庫 ;$v94.
=859  \\$aORR$bJapanKnowledge
=CAT  \\$aW1704-1242$b00$c20170509$lBLL01$h0927
=CAT  \\$aBATCH-UPD$b00$c20170509$lBLL01$h0931
=CAT  \\$aBATCH-UPD$b00$c20170509$lBLL01$h0939
=CAT  \\$aW2003-0365$c20200305$lBLL01$h1101
=FIN  \\$aY$d20170509
=SID  \\$aZ30$bOCLC
=SRC  \\$aJapanKnowledge_2017$bJK_OCLC20170203.mrc
=LAS  \\$aW2003-0365$b00$c20200305$lBLL01$h1101

