=LDR  02873 am a22007097a 4500
=001  018337929
=003  Uk
=005  20170106042904.0
=006  m\\\\\o\\d\\\\\\\\
=007  cr\|||||||||||
=008  100630s1968\\\\ja\\\\\\ob\\\\000\0ajpn\d
=FMT  \\$a  BK
=019  \\$a301085024
=035  \\$a(OCoLC)645401321$z(OCoLC)301085024
=040  \\$aOCLCE$beng$cOCLCE$dOCLCQ$dOCLCO$dOCLCQ$dCUS$dOCLCF$dYUS$dOCLCO$dYUS$dOCLCO$dOCL$dOCLCQ$dYUS$dOCLCO$dUk$epn
=042  \\$adlr
=043  \\$aa-ja---
=050  \4$aDS881.5.F8$bK3 <Asian Japan>
=100  1\$6880-01$aKawaji, Toshiakira,$d1801-1868
=245  10$6880-02$aNagasaki nikki. Shimoda nikki /$cKawaji Toshiakira cho ; Fujii Sadafumi, Kawada Sadao kōchū.
=250  \\$6880-03$aShohan.
=260  \\$6880-04$aTōkyō :$bHeibonsha,$cShōwa 43 [1968]
=300  \\$a1 online resource (282 pages).
=336  \\$atext$btxt$2rdacontent
=337  \\$acomputer$bc$2rdamedia
=338  \\$aonline resource$bcr$2rdacarrier
=490  1\$6880-05$aTōyō bunko
=504  \\$aIncludes bibliographical references (pages 273-279).
=588  0\$aPrint version record.
=600  10$6880-06$aKawaji, Toshiakira,$d1801-1868
=600  17$aKawaji, Toshiakira,$d1801-1868$2fast$0(OCoLC)fst00126925
=648  \7$a1853-1870$2fast
=651  \0$aJapan$xHistory$yRestoration, 1853-1870.
=651  \7$aJapan.$2fast$0(OCoLC)fst01204082
=655  \7$aHistory.$2fast$0(OCoLC)fst01411628
=700  1\$6880-07$aFujii, Sadafumi,$d1906-1994
=700  1\$6880-08$aKawata, Sadao,$d1937-1995
=740  02$6880-09$aShimoda nikki.
=773  0\$tJapanKnowledge
=776  08$iPrint version:$aKawaji, Toshiakira, 1801-1868.$tNagasaki nikki. Shimoda nikki.$bShohan.$dTōkyō : Heibonsha, Shōwa 43 [1968]
=830  \0$6880-10$aTōyō bunko
=856  40$3JapanKnowledge$uhttp://japanknowledge.com/lib/display/?lid=80010V0124P0002$yJapanKnowledge Lib
=880  1\$6100-01/{dollar}1$a川路聖謨,$d1801-1868.
=880  10$6245-02/{dollar}1$a長崎日記. 下田日記 /$c川路聖謨著 ; 藤井貞文, 川田貞夫校註.
=880  \\$6250-03/{dollar}1$a初版.
=880  \\$6260-04/{dollar}1$a東京 :$b平凡社,$c昭和43 [1968]
=880  10$6240-00/{dollar}1$a長崎日記
=880  1\$6490-05/{dollar}1$a東洋文庫
=880  14$6600-06/{dollar}1$a川路聖謨,$d1801-1868.
=880  1\$6700-07/{dollar}1$a藤井貞文,$d1906-
=880  1\$6700-08/{dollar}1$a川田貞夫,$d1937-
=880  02$6740-09/{dollar}1$a下田日記.
=880  \0$6830-10/{dollar}1$a東洋文庫.
=859  \\$aORR$bJapanKnowledge
=CAT  \\$aW1704-1242$b00$c20170509$lBLL01$h0927
=CAT  \\$aBATCH-UPD$b00$c20170509$lBLL01$h0931
=CAT  \\$aBATCH-UPD$b00$c20170509$lBLL01$h0939
=CAT  \\$aW2003-0365$c20200305$lBLL01$h1101
=FIN  \\$aY$d20170509
=SID  \\$aZ30$bOCLC
=SRC  \\$aJapanKnowledge_2017$bJK_OCLC20170203.mrc
=LAS  \\$aW2003-0365$b00$c20200305$lBLL01$h1101

