=LDR  02352 am a22006254i 4500
=001  018337930
=003  Uk
=005  20170106042905.0
=006  m\\\\\o\\d\\\\\\\\
=007  cr\|||||||||||
=008  151112s1999\\\\ja\a\\\\o\\\\\001\0\jpn\d
=FMT  \\$a  BK
=020  \\$z4096580198
=020  \\$z9784096580196
=035  \\$a(OCoLC)928950403
=040  \\$aYUS$beng$cYUS$dOCLCO$dYUS$dOCLCO$dYUS$dOCLCO$dUk$erda$epn
=043  \\$aa-ja---$aa-cc---
=050  \4$aPL763.2$b.W3 1999
=245  00$6880-01$aWa-Kan rōeishū /$ckōchū, yaku Sugano Hiroyuki.
=264  \1$6880-02$aTōkyō :$bShōgakkan,$c1999.
=300  \\$a1 online resource.
=336  \\$atext$btxt$2rdacontent
=337  \\$acomputer$bc$2rdamedia
=338  \\$aonline resource$bcr$2rdacarrier
=490  1\$6880-03$aShinpen Nihon koten bungaku zenshū ;$v19
=500  \\$aIncludes indexes.
=588  \\$aDescription based on print version.
=648  \7$aTo 1185$2fast
=650  \0$aChinese poetry$vTranslations into Japanese.
=650  \0$aJapanese poetry$yTo 1185.
=650  \0$aWaka.
=650  \7$aChinese poetry.$2fast$0(OCoLC)fst00857672
=650  \7$aJapanese poetry.$2fast$0(OCoLC)fst00981898
=650  \7$aWaka.$2fast$0(OCoLC)fst01169959
=655  \7$aTranslations.$2fast$0(OCoLC)fst01423791
=700  1\$6880-04$aSugano, Hiroyuki,$d1929-
=773  0\$tJapanKnowledge
=776  08$iPrint version:$tWa-Kan rōeishū
=830  \0$6880-05$aShinpen Nihon koten bungaku zenshū$v19.
=856  40$3JapanKnowledge$uhttp://japanknowledge.com/lib/display/?lid=80110V00190015$yJapanKnowledge Lib
=880  00$6245-01/{dollar}1$a和漢朗詠集 /$c校注・訳菅野禮行.
=880  \1$6264-02/{dollar}1$a東京 :$b小学館,$c1999.
=880  1\$6490-03/{dollar}1$a新編日本古典文学全集 ;$v19
=880  1\$6700-04/{dollar}1$a菅野禮行,$d1929-
=880  \0$6830-05/{dollar}1$a新編日本古典文学全集 ;$v19.
=859  \\$aORR$bJapanKnowledge
=CAT  \\$aW1704-1242$b00$c20170509$lBLL01$h0927
=CAT  \\$aBATCH-UPD$b00$c20170509$lBLL01$h0931
=CAT  \\$aBATCH-UPD$b00$c20170509$lBLL01$h0939
=CAT  \\$aW2003-0365$c20200305$lBLL01$h1101
=CAT  \\$aBATCH-UPD$b00$c20200918$lBLL01$h2045
=FIN  \\$aY$d20170509
=SID  \\$aZ30$bOCLC
=SRC  \\$aJapanKnowledge_2017$bJK_OCLC20170203.mrc
=LAS  \\$aBATCH-UPD$b00$c20200918$lBLL01$h2045

