=LDR  01921 am a22004934i 4500
=001  018337931
=003  Uk
=005  20170106042905.0
=006  m\\\\\o\\d\\\\\\\\
=007  cr\|||||||||||
=008  151113s2003\\\\ja\\\\\\od\\\\000\0\jpn\d
=FMT  \\$a  BK
=020  \\$z4095061316
=020  \\$z9784095061313
=035  \\$a(OCoLC)929030679
=040  \\$aYUS$beng$cYUS$dYUS$dOCLCO$dOCLCF$dUk$erda$epn
=041  \\$ajpn$aspa
=245  00$6880-01$aPoketto puroguresshibu Sei-Wa Wa-Sei jiten /$cTakagaki Toshihiro hensha daihyō.
=264  \1$6880-02$aTōkyō :$bShōgakukan,$c2003.
=300  \\$a1 online resource
=336  \\$atext$btxt$2rdacontent
=337  \\$acomputer$bc$2rdamedia
=338  \\$aonline resource$bcr$2rdacarrier
=588  \\$aDescription based on print version.
=650  \0$aSpanish language$vDictionaries$xJapanese.
=650  \0$aJapanese language$vDictionaries$xSpanish.
=650  \7$aJapanese language.$2fast$0(OCoLC)fst00981565
=650  \7$aSpanish language.$2fast$0(OCoLC)fst01128292
=655  \7$aDictionaries.$2fast$0(OCoLC)fst01423826
=700  1\$6880-03$aTakagaki, Toshihiro,$d1949-
=773  0\$tJapanKnowledge
=776  08$iPrint version:$tPoketto puroguresshibu seiwa wasei jiten
=856  40$3JapanKnowledge$uhttp://japanknowledge.com/lib/search/basic/index.html?cids=42350%2C42351$yJapanKnowledge Lib
=880  00$6245-01/{dollar}1$aポケットプログレッシブ西和・和西辞典 /$c高垣敏博編者代表.
=880  \1$6264-02/{dollar}1$a東京 :$b小学館,$c2003.
=880  1\$6700-03/{dollar}1$a高垣敏博,$d1949-
=859  \\$aORR$bJapanKnowledge
=CAT  \\$aW1704-1242$b00$c20170509$lBLL01$h0927
=CAT  \\$aBATCH-UPD$b00$c20170509$lBLL01$h0931
=CAT  \\$aW2003-0365$c20200305$lBLL01$h1101
=FIN  \\$aY$d20170509
=SID  \\$aZ30$bOCLC
=SRC  \\$aJapanKnowledge_2017$bJK_OCLC20170203.mrc
=LAS  \\$aW2003-0365$b00$c20200305$lBLL01$h1101

