=LDR  02734 am a22006257a 4500
=001  018337932
=003  Uk
=005  20170106042905.0
=006  m\\\\\o\\d\\\\\\\\
=007  cr\|||||||||||
=008  100420s1964\\\\ja\ab\\\ob\\\\000\0\jpn\d
=FMT  \\$a  BK
=019  \\$a297873812
=035  \\$a(OCoLC)608383439$z(OCoLC)297873812
=040  \\$aOCLCE$beng$cOCLCE$dOCLCQ$dOCLCO$dOCLCQ$dCUS$dOCLCF$dOCLCO$dYUS$dOCLCO$dYUS$dOCLCO$dOCLCQ$dYUS$dOCLCO$dUk$epn
=042  \\$adlr
=043  \\$aa-cc---
=050  \4$aDS795$b.A63
=100  1\$6880-01$aAoki, Masaru,$d1887-1964
=245  10$6880-02$aPekin fūzoku zufu /$c[Aoki Masaru hencho] ; Uchida Michio kaisetsu.
=250  \\$6880-03$aShohan.
=260  \\$6880-04$aTōkyō :$bHeibonsha,$cShōwa 39 [1964]
=300  \\$a1 online resource (2 volumes) :$billustrations, map.
=336  \\$atext$btxt$2rdacontent
=337  \\$acomputer$bc$2rdamedia
=338  \\$aonline resource$bcr$2rdacarrier
=490  1\$6880-05$aTōyō bunko ;$v23, 30
=504  \\$aIncludes bibliographical references (pages 19-21 in v. 1).
=505  0\$aKono zufu wa Taishō no sue watashi [Aoki Masaru] ga Beijing Ryūgakuchū ni ritsuanshi mokuroku o tsukutte tochi no gakō ni kakaseta mono.
=588  0\$aPrint version record.
=650  \7$aManners and customs.$2fast$0(OCoLC)fst01007815
=651  \0$aBeijing (China)$xSocial life and customs.
=651  \7$aChina$zBeijing.$2fast$0(OCoLC)fst01205740
=700  1\$6880-06$aUchida, Michio,$d1916-
=773  0\$tJapanKnowledge
=776  08$iPrint version:$aAoki, Masaru, 1887-1964.$tPekin fūzoku zufu.$bShohan.$dTōkyō : Heibonsha, Shōwa 39 [1964]
=830  \0$6880-07$aTōyō bunko$v23, 30.
=856  40$3JapanKnowledge Volume 1$uhttp://japanknowledge.com/lib/display/?lid=80010V0023P0004$yJapanKnowledge Lib
=856  40$3JapanKnowledge Volume 2$uhttp://japanknowledge.com/lib/display/?lid=80010V0030P0003$yJapanKnowledge Lib
=880  1\$6100-01/{dollar}1$a青木正兒,$d1887-1964.
=880  10$6245-02/{dollar}1$a北京風俗図譜 /$c[青木正編著] ; 内田道夫解說.
=880  \\$6250-03/{dollar}1$a初版.
=880  \\$6260-04/{dollar}1$a東京 :$b平凡社,$c昭和 39 [1964]
=880  1\$6490-05/{dollar}1$a東洋文庫 ;$v23, 30
=880  1\$6700-06/{dollar}1$a内田道夫,$d1916-
=880  \0$6830-07/{dollar}1$a東洋文庫 ;$v23, 30.
=859  \\$aORR$bJapanKnowledge
=CAT  \\$aW1704-1242$b00$c20170509$lBLL01$h0927
=CAT  \\$aBATCH-UPD$b00$c20170509$lBLL01$h0931
=CAT  \\$aBATCH-UPD$b00$c20170509$lBLL01$h0939
=CAT  \\$aW2003-0365$c20200305$lBLL01$h1101
=FIN  \\$aY$d20170509
=SID  \\$aZ30$bOCLC
=SRC  \\$aJapanKnowledge_2017$bJK_OCLC20170203.mrc
=LAS  \\$aW2003-0365$b00$c20200305$lBLL01$h1101

