=LDR  02284 am a22005774i 4500
=001  018337933
=003  Uk
=005  20170106042906.0
=006  m\\\\\o\\d\\\\\\\\
=007  cr\|||||||||||
=008  151112s2012\\\\ja\\\\\\obd\\\000\0\jpn\c
=FMT  \\$a  BK
=020  \\$z4095012137 (set)
=020  \\$z9784095012131 (set)
=035  \\$a(OCoLC)928950458
=040  \\$aYUS$beng$cYUS$dOCLCO$dYUS$dOCLCO$dUk$erda$epn
=050  \4$aPL675$b.D28 2012
=245  00$6880-01$aDaijisen /$ckanshū Matsumura Akira ; henshū Shōgakkan Daijisen Henshūbu.
=246  1\$6880-02$aDejitaru daijisen
=264  \1$6880-03$aTōkyō :$bShōgakkan,$c2012.
=300  \\$a1 online resource
=336  \\$atext$btxt$2rdacontent
=337  \\$acomputer$bc$2rdamedia
=338  \\$aonline resource$bcr$2rdacarrier
=500  \\$aStatement of responsibility from volume 1, colophon.
=504  \\$aIncludes bibliographical references (p. x-xiii (first group)).
=588  \\$aDescription based on print version.
=650  \0$aJapanese language$vDictionaries.
=650  \7$aJapanese language.$2fast$0(OCoLC)fst00981565
=655  \7$aDictionaries.$2fast$0(OCoLC)fst01423826
=700  1\$6880-04$aMatsumura, Akira,$d1916-2001
=710  2\$6880-05$aShōgakkan.$b"Daijisen" Henshūbu.
=773  0\$tJapanKnowledge
=775  08$6880-06$tDejitaru daijisen purasu
=776  08$iPrint version:$tDaijisen
=856  40$3JapanKnowledge$uhttp://japanknowledge.com/lib/search/basic/?cids=20010$yJapanKnowledge Lib
=880  00$6245-01/{dollar}1$a大辞泉 /$c監修松村明 ; 編集小学館大辞泉編集部.
=880  1\$6246-02/{dollar}1$aデジタル大辞泉
=880  \1$6264-03/{dollar}1$a東京 :$b小学館,$c2012.
=880  1\$6700-04/{dollar}1$a松村明,$d1916-2001.
=880  2\$6710-05/{dollar}1$a小学館.$b大辞泉編集部.
=880  08$6775-06/{dollar}1$tデジタル大辞泉プラス$w(OCoLC)929669998
=859  \\$aORR$bJapanKnowledge
=CAT  \\$aW1704-1242$b00$c20170509$lBLL01$h0927
=CAT  \\$aBATCH-UPD$b00$c20170509$lBLL01$h0931
=CAT  \\$aBATCH-UPD$b00$c20170509$lBLL01$h0939
=CAT  \\$aW2003-0365$c20200305$lBLL01$h1101
=FIN  \\$aY$d20170509
=SID  \\$aZ30$bOCLC
=SRC  \\$aJapanKnowledge_2017$bJK_OCLC20170203.mrc
=LAS  \\$aW2003-0365$b00$c20200305$lBLL01$h1101

