=LDR  03087 am a22007337a 4500
=001  018337934
=003  Uk
=005  20170106042906.0
=006  m\\\\\o\\d\\\\\\\\
=007  cr\|||||||||||
=008  100427s1979\\\\ja\a\\\\ob\\\\000\0\jpn\d
=FMT  \\$a  BK
=019  \\$a550576193$a655326094
=035  \\$a(OCoLC)609806705$z(OCoLC)550576193$z(OCoLC)655326094
=040  \\$aOCLCE$beng$cOCLCE$dOCLCQ$dCUS$dOCLCQ$dOCLCF$dOCLCO$dYUS$dOCLCO$dYUS$dOCLCO$dOCLCQ$dYUS$dOCLCO$dUk$epn
=041  1\$ajpn$hfre
=042  \\$adlr
=043  \\$aa-cc---$ae-fr---
=050  \4$aNK4165$b.E57 1979
=100  10$aDentrecolles, François Xavier,$d1664-1741.
=245  10$6880-01$aChūgoku tōji kenbunroku /$cDantorukōru ; Kobayashi Taichirō yakuchū ; Satō Masahiko hochū.
=250  \\$6880-02$aShohan.
=260  \\$6880-03$aTōkyō :$bHeibonsha,$c1979.
=300  \\$a1 online resource (xii, 368 pages) :$billustrations.
=336  \\$atext$btxt$2rdacontent
=337  \\$acomputer$bc$2rdamedia
=338  \\$aonline resource$bcr$2rdacarrier
=490  1\$6880-04$aTōyō bunko ;$v363
=504  \\$aIncludes bibliographical references.
=588  0\$aPrint version record.
=600  10$aDentrecolles, François Xavier,$d1664-1741.
=600  17$aDentrecolles, François Xavier,$d1664-1741$2fast$0(OCoLC)fst00112985
=650  \0$aMissionaries$zChina$vCorrespondence.
=650  \0$aMissionaries$zFrance$vCorrespondence.
=650  \0$aPorcelain, Chinese.
=650  \0$aPottery, Chinese.
=650  \7$aMissionaries.$2fast$0(OCoLC)fst01023720
=650  \7$aPorcelain, Chinese.$2fast$0(OCoLC)fst01071734
=650  \7$aPottery, Chinese.$2fast$0(OCoLC)fst01073695
=651  \7$aChina.$2fast$0(OCoLC)fst01206073
=651  \7$aFrance.$2fast$0(OCoLC)fst01204289
=655  \7$aRecords and correspondence.$2fast$0(OCoLC)fst01423917
=700  1\$6880-05$aKobayashi, Taichirō,$d1901-
=700  1\$6880-06$aSatō, Masahiko,$d1925-
=773  0\$tJapanKnowledge
=776  08$iPrint version:$aDentrecolles, François Xavier, 1664-1741.$tChūgoku tōji kenbunroku.$bShohan.$dTōkyō : Heibonsha, 1979
=830  \0$6880-07$aTōyō bunko$v363.
=856  40$3JapanKnowledge$uhttp://japanknowledge.com/lib/display/?lid=80010V0363P0002$yJapanKnowledge Lib
=880  10$6245-01/{dollar}1$a中國陶瓷見聞錄 /$cダントルコール ; 小林太市郎訳注 ; 佐藤雅彥補注.
=880  \\$6250-02/{dollar}1$a初版.
=880  \\$6260-03/{dollar}1$a東京 :$b平凡社,$c1979.
=880  1\$6490-04/{dollar}1$a東洋文庫 ;$v363
=880  1\$6700-05/{dollar}1$a小林太市郎,$d1901-
=880  1\$6700-06/{dollar}1$a佐藤雅彥,$d1925-
=880  \0$6830-07/{dollar}1$a東洋文庫 ;$v363.
=859  \\$aORR$bJapanKnowledge
=CAT  \\$aW1704-1242$b00$c20170509$lBLL01$h0927
=CAT  \\$aBATCH-UPD$b00$c20170509$lBLL01$h0931
=CAT  \\$aBATCH-UPD$b00$c20171220$lBLL01$h1830
=CAT  \\$aW2003-0365$c20200305$lBLL01$h1101
=FIN  \\$aY$d20170509
=SID  \\$aZ30$bOCLC
=SRC  \\$aJapanKnowledge_2017$bJK_OCLC20170203.mrc
=LAS  \\$aW2003-0365$b00$c20200305$lBLL01$h1101

