=LDR  02646 am a22006137a 4500
=001  018337935
=003  Uk
=005  20170106042906.0
=006  m\\\\\o\\d\\\\\\\\
=007  cr\un|||||||||
=008  120417s1996\\\\ja\\\\\\ob\\\\000\0\jpn\d
=FMT  \\$a  BK
=020  \\$z4582805973
=020  \\$z9784582805970
=035  \\$a(OCoLC)785977618
=040  \\$aCUS$beng$cCUS$dCUS$dOCLCQ$dOCLCF$dYUS$dOCLCQ$dOCLCO$dYUS$dOCLCO$dOCLCQ$dYUS$dOCLCO$dUk
=041  0\$ajpn$hger
=043  \\$aa-ja---
=100  1\$aSiebold, Heinrich von,$d1852-1908.
=240  10$aEthnoogische studien über die Aino auf der Insel Yesso.$lJapanese
=245  10$6880-01$aShō Shīboruto Ezo kenbunki /$cH.V. Shīboruto ; Harada Nobuo, H. Supanshichi, J. Kurainā yakuchū.
=250  \\$6880-02$aShohan.
=260  \\$6880-03$aTōkyō :$bHeibonsha,$c1996.
=300  \\$a1 online resource (299 pages).
=336  \\$atext$btxt$2rdacontent
=337  \\$acomputer$bc$2rdamedia
=338  \\$aonline resource$bcr$2rdacarrier
=490  1\$6880-04$aTōyō Bunko ;$v597
=504  \\$aIncludes bibliographical references.
=505  0\$6880-05$a"Ezotō ni okeru aiju no minzokugaku-teki kenkyū."
=588  0\$aPrint version record.
=650  \0$aAinu.
=650  \0$aEthnology$zJapan$zHokkaido.
=650  \7$aAinu.$2fast$0(OCoLC)fst00802026
=650  \7$aEthnology.$2fast$0(OCoLC)fst00916106
=651  \7$aJapan$zHokkaido.$2fast$0(OCoLC)fst01209090
=773  0\$tJapanKnowledge
=776  08$iPrint version:$aSiebold, Heinrich von, 1852-1908.$sEthnoogische studien über die Aino auf der Insel Yesso. Japanese.$tShō Shīboruto Ezo kenbunki.$bShohan.$dTōkyō : Heibonsha, 1996$z4582805973
=830  \0$6880-06$aTōyō bunko$v597.
=856  40$3JapanKnowledge$uhttp://japanknowledge.com/lib/display/?lid=80010V0597P0002$yJapanKnowledge Lib
=880  10$6245-01/{dollar}1$a小シーボルト蝦夷見聞記 /$cH.V. シーボルト ; 原田信男, H. スパンシチ, J. クライナー訳註.
=880  \\$6250-02/{dollar}1$a初版.
=880  \\$6260-03/{dollar}1$a東京 :$b平凡社,$c1996.
=880  1\$6490-04/{dollar}1$a東洋文庫 ;$v597
=880  0\$6505-05/{dollar}1$a蝦夷島におけるアイヌの民族学的硏究 -- 北海道歴観卑見 (大隈文書).
=880  \0$6830-06/{dollar}1$a東洋文庫 ;$v597.
=859  \\$aORR$bJapanKnowledge
=CAT  \\$aW1704-1242$b00$c20170509$lBLL01$h0927
=CAT  \\$aBATCH-UPD$b00$c20170509$lBLL01$h0931
=CAT  \\$aW2003-0365$c20200305$lBLL01$h1101
=FIN  \\$aY$d20170509
=SID  \\$aZ30$bOCLC
=SRC  \\$aJapanKnowledge_2017$bJK_OCLC20170203.mrc
=LAS  \\$aW2003-0365$b00$c20200305$lBLL01$h1101

