=LDR  02374 am a22005897a 4500
=001  018337936
=003  Uk
=005  20170106042907.0
=006  m\\\\\o\\d\\\\\\\\
=007  cr\|||||||||||
=008  101110s1969\\\\ja\\\\\\o\\\\\000\0\jpn\d
=FMT  \\$a  BK
=019  \\$a301278590$a645835320
=035  \\$a(OCoLC)680426922$z(OCoLC)301278590$z(OCoLC)645835320
=040  \\$aOCLCE$beng$cOCLCE$dOCLCQ$dCUS$dOCLCO$dOCLCQ$dOCLCF$dOCLCQ$dYUS$dOCLCO$dYUS$dOCLCO$dOCLCQ$dYUS$dOCLCO$dUk$epn
=042  \\$adlr
=043  \\$aa-ja---
=050  \4$aDS809$b.K58 1969 <Asian Japan>
=100  1\$6880-01$aKiyokawa, Hachirō,$d1830-1863
=245  10$6880-02$aSaiyūsō :$bKiyokawa Hachirō ryochūki /$cOyamatsu Katsuichirō hen'yaku.
=250  \\$6880-03$aShohan.
=260  \\$6880-04$aTōkyō :$bHeibonsha,$cShōwa 44 [1969]
=300  \\$a1 online resource (261 pages).
=336  \\$atext$btxt$2rdacontent
=337  \\$acomputer$bc$2rdamedia
=338  \\$aonline resource$bcr$2rdacarrier
=490  1\$6880-05$aTōyō bunko ;$v140
=588  0\$aPrint version record.
=650  \7$aTravel.$2fast$0(OCoLC)fst01155558
=651  \0$aJapan$xDescription and travel.
=651  \7$aJapan.$2fast$0(OCoLC)fst01204082
=700  1\$6880-06$aOyamatsu, Katsuichirō,$d1912-
=773  0\$tJapanKnowledge
=776  08$iPrint version:$aKiyokawa, Hachirō, 1830-1863.$tSaiyūsō.$dTōkyō : Heibonsha, Shōwa 44 [1969]
=830  \0$6880-07$aTōyō bunko$v140.
=856  40$3JapanKnowledge$uhttp://japanknowledge.com/lib/display/?lid=80010V0140P0002$yJapanKnowledge Lib
=880  1\$6100-01/{dollar}1$a清河八郎,$d1830-1863.
=880  10$6245-02/{dollar}1$a西遊草 :$b清河八郎旅中記 /$c小山松勝一郎編訳.
=880  \\$6250-03/{dollar}1$a初版.
=880  \\$6260-04/{dollar}1$a東京 :$b平凡社,$c昭和44 [1969]
=880  1\$6490-05/{dollar}1$a東洋文庫 ;$v140
=880  1\$6700-06/{dollar}1$a小山松勝一郎,$d1912-
=880  \0$6830-07/{dollar}1$a東洋文庫 ;$v140.
=859  \\$aORR$bJapanKnowledge
=CAT  \\$aW1704-1242$b00$c20170509$lBLL01$h0927
=CAT  \\$aBATCH-UPD$b00$c20170509$lBLL01$h0931
=CAT  \\$aBATCH-UPD$b00$c20170509$lBLL01$h0939
=CAT  \\$aW2003-0365$c20200305$lBLL01$h1101
=FIN  \\$aY$d20170509
=SID  \\$aZ30$bOCLC
=SRC  \\$aJapanKnowledge_2017$bJK_OCLC20170203.mrc
=LAS  \\$aW2003-0365$b00$c20200305$lBLL01$h1101

