=LDR  02149 am a22005654i 4500
=001  018337937
=003  Uk
=005  20170106042907.0
=006  m\\\\\o\\d\\\\\\\\
=007  cr\|||||||||||
=008  151113s1977\\\\ja\\\\\\ob\\\\000\0\jpn\d
=FMT  \\$a  BK
=020  \\$z4560056048
=020  \\$z9784560056042
=035  \\$a(OCoLC)929029041
=040  \\$aWTU$beng$cYUS$dOCLCO$dYUS$dOCLCO$dOCLCF$dUk$erda$epn
=041  1\$ajpn$hfre
=100  1\$aPernoud, Régine,$d1909-1998,$eauthor.
=240  10$aLes templiers.$lJapanese
=245  10$6880-01$aTenpuru kishidan /$cRejīnu Perunū cho ; Hashiguchi Tomosuke yaku.
=264  \1$6880-02$aTōkyō :$bHakusuisha,$c1977.
=300  \\$a1 online resource.
=336  \\$atext$btxt$2rdacontent
=337  \\$acomputer$bc$2rdamedia
=338  \\$aonline resource$bcr$2rdacarrier
=490  1\$6880-03$aBunko kuseju ;$v604
=504  \\$aIncludes bibliographical references.
=588  \\$aDescription based on print version.
=610  20$aTemplars.
=610  27$aTemplars$2fast$0(OCoLC)fst00548571
=700  1\$6880-04,$aHashiguchi, Tomosuke,$d1921-2002$etranslator.
=700  1\$iTranslation of:$aPernoud, Régine,$d1909-1998.$tLes templiers.
=773  0\$tJapanKnowledge
=776  08$iPrint version:$tTenpuru kishidan
=830  \0$6880-05$aBunko kuseju$v604.
=856  40$3JapanKnowledge$uhttp://japanknowledge.com/lib/display/?lid=8021006040000$yJapanKnowledge Lib
=880  10$6245-01$aテンプル騎士団 /$cレジーヌ・ペルヌー著 ; 橋口倫介訳.
=880  \1$6264-02$a東京 :$b白水社,$c1977.
=880  1\$6490-03$a文庫クセジュ ;$v604
=880  1\$6700-04$a橋口倫介,$d1921-2002,$etranslator.
=880  \0$6830-05$a文庫クセジュ ;$v604.
=859  \\$aORR$bJapanKnowledge
=CAT  \\$aW1704-1242$b00$c20170509$lBLL01$h0927
=CAT  \\$aBATCH-UPD$b00$c20170509$lBLL01$h0931
=CAT  \\$aBATCH-UPD$b00$c20170509$lBLL01$h0939
=CAT  \\$aW2003-0365$c20200305$lBLL01$h1101
=FIN  \\$aY$d20170509
=SID  \\$aZ30$bOCLC
=SRC  \\$aJapanKnowledge_2017$bJK_OCLC20170203.mrc
=LAS  \\$aW2003-0365$b00$c20200305$lBLL01$h1101

