=LDR  03439 am a22008297a 4500
=001  018337938
=003  Uk
=005  20170106042907.0
=006  m\\\\\o\\d\\\\\\\\
=007  cr\|||||||||||
=008  101111s1967\\\\ja\bc\\\ob\\\\000\0ajpn\d
=FMT  \\$a  BK
=019  \\$a297980769$a639438965
=035  \\$a(OCoLC)681041391$z(OCoLC)297980769$z(OCoLC)639438965
=040  \\$aOCLCE$beng$cOCLCE$dOCLCA$dOCLCQ$dCUS$dOCLCQ$dOCLCF$dOCLCO$dOCL$dOCLCO$dYUS$dOCLCO$dYUS$dOCLCO$dOCLCQ$dOCLCO$dOCL$dYUS$dOCLCO$dUk$epn
=042  \\$adlr
=043  \\$aa-cc---$aa-ja---
=050  \4$aDS884.M5$bA3
=100  1\$6880-01$aMiyazaki, Tōten,$d1870-1922
=245  10$6880-02$aSanjūsannen no yume /$cMiyazaki Tōten cho ; Miyazaki Ryūsuke, Etō Shinkichi kōchū.
=246  3\$6880-03$a33-nen no yume
=250  \\$6880-04$aShohan.
=260  \\$6880-05$aTōkyō :$bHeibonsha,$c1967.
=300  \\$a1 online resource (24, 334, 24 pages) :$bmap, portraits.
=336  \\$atext$btxt$2rdacontent
=337  \\$acomputer$bc$2rdamedia
=338  \\$aonline resource$bcr$2rdacarrier
=490  1\$6880-06$aTōyō bunko ;$v100
=504  \\$aIncludes bibliographical references.
=588  0\$aPrint version record.
=600  10$6880-07$aMiyazaki, Tōten,$d1870-1922
=600  10$aSun, Yat-sen,$d1866-1925.
=600  17$aMiyazaki, Tōten,$d1870-1922$2fast$0(OCoLC)fst00085434
=600  17$aSun, Yat-sen,$d1866-1925$2fast$0(OCoLC)fst00047746
=648  \7$a1800-1899$2fast
=650  \0$aJapanese$zChina.
=650  \0$aRevolutionaries$zChina$vBiography.
=650  \0$aRevolutionaries$zChina$vCorrespondence.
=650  \0$aRevolutionaries$zJapan$vBiography.
=650  \7$aJapanese.$2fast$0(OCoLC)fst00981362
=650  \7$aRevolutionaries.$2fast$0(OCoLC)fst01096578
=651  \0$aChina$xHistory$y19th century.
=651  \7$aChina.$2fast$0(OCoLC)fst01206073
=651  \7$aJapan.$2fast$0(OCoLC)fst01204082
=655  \7$aBiography.$2fast$0(OCoLC)fst01423686
=655  \7$aHistory$2fast$0(OCoLC)fst01411628
=655  \7$aRecords and correspondence.$2fast$0(OCoLC)fst01423917
=700  1\$6880-08$aMiyazaki, Ryūsuke,$d1892-1971
=700  1\$6880-09$aEtō, Shinkichi,$d1923-2007
=773  0\$tJapanKnowledge
=776  08$iPrint version:$aMiyazaki, Tōten, 1870-1922.$tSanjūsannen no yume.$dTōkyō : Heibonsha, 1967
=830  \0$6880-10$aTōyō bunko$v100.
=856  40$3JapanKnowledge$uhttp://japanknowledge.com/lib/display/?lid=80010V0100P0002$yJapanKnowledge Lib
=880  1\$6100-01/{dollar}1$a宮崎滔天,$d1870-1922.
=880  10$6245-02/{dollar}1$a三十三年の夢 /$c宮崎滔天著 ; 宮崎龍介, 衞藤瀋吉校注.
=880  3\$6246-03/{dollar}1$a33年の夢
=880  \\$6250-04/{dollar}1$a初版.
=880  \\$6260-05/{dollar}1$a東京 :$b平凡社,$c1967.
=880  1\$6490-06/{dollar}1$a東洋文庫 ;$v100
=880  14$6600-07/{dollar}1$a宮崎滔天,$d1870-1922.
=880  1\$6700-08/{dollar}1$a宮崎龍介,$d1892-1971.
=880  1\$6700-09/{dollar}1$a衞藤瀋吉,$d1923-2007.
=880  \0$6830-10/{dollar}1$a東洋文庫 ;$v100.
=859  \\$aORR$bJapanKnowledge
=CAT  \\$aW1704-1242$b00$c20170509$lBLL01$h0927
=CAT  \\$aBATCH-UPD$b00$c20170509$lBLL01$h0931
=CAT  \\$aBATCH-UPD$b00$c20180824$lBLL01$h2201
=CAT  \\$aW2003-0365$c20200305$lBLL01$h1101
=FIN  \\$aY$d20170509
=SID  \\$aZ30$bOCLC
=SRC  \\$aJapanKnowledge_2017$bJK_OCLC20170203.mrc
=LAS  \\$aW2003-0365$b00$c20200305$lBLL01$h1101

