=LDR  02538 am a22006257a 4500
=001  018337939
=003  Uk
=005  20170106042908.0
=006  m\\\\\o\\d\\\\\\\\
=007  cr\un|||||||||
=008  090107s1999\\\\ja\\\\\\ob\\\\000\0\jpn\d
=FMT  \\$a  BK
=035  \\$a(OCoLC)297386517
=040  \\$aOCLCE$beng$cOCLCE$dOCLCQ$dCUS$dOCLCQ$dOCLCF$dOCLCO$dYUS$dOCLCO$dYUS$dOCLCO$dOCL$dOCLCQ$dYUS$dOCLCO$dUk$epn
=041  1\$ajpn$hchi
=043  \\$aa-cc---
=050  \4$aPL2314$b.T36 1999
=100  1\$6880-01$aTanaka, Kōnan,$d1728-1780
=245  10$6880-02$aRikuchō shisen zokukun /$cKōnan Sensei kin'yaku ; Tsuru Haruo, Kamatani Takeshi kōchū.
=250  \\$6880-03$aShohan.
=260  \\$6880-04$aTōkyō :$bHeibonsha,$c1999.
=300  \\$a1 online resource (419 pages).
=336  \\$atext$btxt$2rdacontent
=337  \\$acomputer$bc$2rdamedia
=338  \\$aonline resource$bcr$2rdacarrier
=490  1\$6880-05$aTōyō bunko ;$v666
=504  \\$aIncludes bibliographical references.
=588  0\$aPrint version record.
=648  \7$a220-589$2fast
=650  \0$aChinese poetry$y220-589$xHistory and criticism.
=650  \7$aChinese poetry.$2fast$0(OCoLC)fst00857672
=655  \7$aCriticism, interpretation, etc.$2fast$0(OCoLC)fst01411635
=700  1\$6880-06$aTsuru, Haruo,$d1926-
=700  1\$6880-07$aKamatani, Takeshi,$d1953-
=773  0\$tJapanKnowledge
=776  08$iPrint version:$aTanaka, Kōnan, 1728-1780.$tRikuchō shisen zokukun.$bShohan.$dTōkyō : Heibonsha, 1999$z458280666X$z9784582806663
=830  \0$6880-08$aTōyō bunko$v666.
=856  40$3JapanKnowledge$uhttp://japanknowledge.com/lib/display/?lid=80010V0666P0002$yJapanKnowledge Lib
=880  1\$6100-01/{dollar}1$a田中江南,$d1728-1780.
=880  10$6245-02/{dollar}1$a六朝詩選俗訓 /$c江南先生訓訳 ; 都留春雄, 釜谷武志校注.
=880  \\$6250-03/{dollar}1$a初版.
=880  \\$6260-04/{dollar}1$a東京 :$b平凡社,$c1999.
=880  1\$6490-05/{dollar}1$a東洋文庫 ;$v666
=880  1\$6700-06/{dollar}1$a都留春雄,$d1926-
=880  1\$6700-07/{dollar}1$a釜谷武志,$d1953-
=880  \0$6830-08/{dollar}1$a東洋文庫 ;$v666.
=859  \\$aORR$bJapanKnowledge
=CAT  \\$aW1704-1242$b00$c20170509$lBLL01$h0927
=CAT  \\$aBATCH-UPD$b00$c20170509$lBLL01$h0931
=CAT  \\$aBATCH-UPD$b00$c20170509$lBLL01$h0939
=CAT  \\$aW2003-0365$c20200305$lBLL01$h1101
=FIN  \\$aY$d20170509
=SID  \\$aZ30$bOCLC
=SRC  \\$aJapanKnowledge_2017$bJK_OCLC20170203.mrc
=LAS  \\$aW2003-0365$b00$c20200305$lBLL01$h1101

