=LDR  02489 am a22006374i 4500
=001  018337940
=003  Uk
=005  20170106042908.0
=006  m\\\\\o\\d\\\\\\\\
=007  cr\|||||||||||
=008  151112s1985\\\\ja\b\\\\ob\\\\000\0\jpn\d
=FMT  \\$a  BK
=020  \\$z4560056692
=020  \\$z9784560056691
=035  \\$a(OCoLC)928950488
=040  \\$aYUS$beng$cYUS$dOCLCO$dYUS$dOCLCO$dUk$erda$epn
=041  1\$ajpn$hfre
=043  \\$aa-kr---
=050  \4$aDS902.4$b.P48163 1985
=100  1\$aPezeu-Massabuau, Jacques,$eauthor.
=240  10$aCorée.$lJapanese
=245  10$6880-01$aShin chōsen jijō =$bLa Corée /$cJāku Puzū = Masabyuō ; Kikuchi Kazumasa, Kitagawa Kōji kyōyaku.
=246  11$aCorée
=264  \1$6880-02$aTōkyō :$bHakusuisha,$c1985.
=300  \\$a1 online resource.
=336  \\$atext$btxt$2rdacontent
=337  \\$acomputer$bc$2rdamedia
=338  \\$aonline resource$bcr$2rdacarrier
=490  1\$6880-03$aBunko kuseju ;$v669
=500  \\$aTranslation of: La Corée / Jacques Pezeu-Massabuau.
=504  \\$aIncludes bibliographical references (pages i-ii).
=588  \\$aDescription based on print version.
=650  \7$aTravel.$2fast$0(OCoLC)fst01155558
=651  \0$aKorea$xDescription and travel.
=651  \7$aKorea.$2fast$0(OCoLC)fst01206434
=700  1\$6880-05,$aKikuchi, Kazumasa,$d1927-$etranslator.
=700  1\$6880-06$aKitagawa, Kōji,$d1925-$etranslator.
=773  0\$tJapanKnowledge
=776  08$iPrint version:$tShin chōsen jijō
=830  \0$6880-07$aBunko kuseju$v669.
=856  40$3JapanKnowledge$uhttp://japanknowledge.com/lib/display/?lid=8021006690000$yJapanKnowledge Lib
=880  10$6245-01$a新朝鮮事情 =$bLa Corée /$cジャーク・プズー=マサビュオー ; 菊池一雅, 北川光兒共訳.
=880  \1$6264-02$a東京 :$b白水社,$c一九八五.
=880  1\$6490-03$a文庫クセジュ ;$v669
=880  1\$6700-05$a菊池一雅,$d1927-$etranslator.
=880  1\$6700-06$a北川光兒,$d1925-$etranslator.
=880  \0$6830-07$a文庫クセジュ ;$v669.
=859  \\$aORR$bJapanKnowledge
=CAT  \\$aW1704-1242$b00$c20170509$lBLL01$h0927
=CAT  \\$aBATCH-UPD$b00$c20170509$lBLL01$h0931
=CAT  \\$aBATCH-UPD$b00$c20170509$lBLL01$h0939
=CAT  \\$aW2003-0365$c20200305$lBLL01$h1101
=FIN  \\$aY$d20170509
=SID  \\$aZ30$bOCLC
=SRC  \\$aJapanKnowledge_2017$bJK_OCLC20170203.mrc
=LAS  \\$aW2003-0365$b00$c20200305$lBLL01$h1101

