=LDR  02530 am a22006134i 4500
=001  018337941
=003  Uk
=005  20170106042908.0
=006  m\\\\\o\\d\\\\\\\\
=007  cr\|||||||||||
=008  160115s2008\\\\ja\\\\\\ob\\\\000\0\jpn\d
=FMT  \\$a  BK
=020  \\$z9784560509296
=020  \\$z4560509298
=035  \\$a(OCoLC)934799071
=040  \\$aSTF$beng$cYUS$dOCLCO$dYUS$dOCLCO$dOCLCF$dUk$erda$epn
=050  \4$aML1160$b.M5163 2008
=100  1\$6880-01,$aMilliot, Sylvette.$eauthor.
=240  10$aQuatuor.$lJapanese
=245  10$6880-02$aGengaku shijūsō /$cShiruvetto Miriyo cho ; Yamamoto Satoru yaku.
=264  \1$6880-03$aTōkyō :$bHakusuisha,$c2008.
=300  \\$a1 online resource.
=336  \\$atext$btxt$2rdacontent
=337  \\$acomputer$bc$2rdamedia
=338  \\$aonline resource$bcr$2rdacarrier
=490  1\$6880-04$aBunko kuseju ;$v929
=500  \\$aTranslation of: Le quatuor. Paris : Presses universitaires de France, 1986.
=504  \\$aIncludes bibliographical references.
=588  \\$aDescription based on print version.
=650  07$6880-05$aGengaku shijūsō.$2jlabsh/4
=650  \0$aString quartet.
=650  \7$aString quartet.$2fast$0(OCoLC)fst01135307
=700  1\$6880-06$aYamamoto, Satoru,$etranslator.
=773  0\$tJapanKnowledge
=776  08$6880-07$iPrint version:$aMilliot, Sylvette.$sLe quatuor. Japanese.$tGengaku shijūsō.$dTōkyō : Hakusuisha, 2008
=830  \0$6880-08$aBunko kuseju$v929.
=856  40$3JapanKnowledge$uhttp://japanknowledge.com/lib/display/?lid=8021009290000$yJapanKnowledge Lib
=880  1\$6100-01$aシルヴェット・ミリヨ.
=880  10$6245-02$a弦楽四重奏 /$cシルヴェット・ミリヨ著 ; 山本省訳.
=880  \1$6264-03$a東京 :$b白水社,$c2008.
=880  1\$6490-04$a文庫クセジュ ;$v929
=880  07$6650-05$a弦楽四重奏.$2jlabsh/4
=880  1\$6700-06$a山本省,$etranslator.
=880  08$6776-07$iPrint version:$aMilliot, Sylvette.$sLe quatuor. Japanese.$t弦楽四重奏 .$d東京 : 白水社, 2008$w(OCoLC)263131949
=880  \0$6830-08$a文庫クセジュ ;$v929.
=859  \\$aORR$bJapanKnowledge
=CAT  \\$aW1704-1242$b00$c20170509$lBLL01$h0927
=CAT  \\$aBATCH-UPD$b00$c20170509$lBLL01$h0931
=CAT  \\$aBATCH-UPD$b00$c20190715$lBLL01$h2033
=CAT  \\$aW2003-0365$c20200305$lBLL01$h1101
=FIN  \\$aY$d20170509
=SID  \\$aZ30$bOCLC
=SRC  \\$aJapanKnowledge_2017$bJK_OCLC20170203.mrc
=LAS  \\$aW2003-0365$b00$c20200305$lBLL01$h1101

