=LDR  02134 am a22005894i 4500
=001  018337942
=003  Uk
=005  20170106042909.0
=006  m\\\\\o\\d\\\\\\\\
=007  cr\|||||||||||
=008  151113s1989\\\\ja\\\\\gob\\\\000\0\jpnod
=FMT  \\$a  BK
=020  \\$z456005701X
=020  \\$z9784560057018
=035  \\$a(OCoLC)929031423
=040  \\$aCNEAL$beng$cYUS$dOCLCO$dYUS$dOCLCO$dOCLCF$dUk$erda$epn
=041  1\$ajpn$hfre
=050  \4$aQP425$b.K39165 1989
=100  1\$aKayser, Charles,$d1899-1981,$eauthor.
=240  10$aSommeil et le r̊ve.$lJapanese
=245  10$6880-01$aSuimin to yume /$cSharuru Kezēru cho ; Morita Yūsuke.
=264  \1$6880-02$aTōkyō :$bHakusuisha,$c1989.
=300  \\$a1 online resource.
=336  \\$atext$btxt$2rdacontent
=337  \\$acomputer$bc$2rdamedia
=338  \\$aonline resource$bcr$2rdacarrier
=490  1\$6880-03$aBunko kuseju ;$v701
=500  \\$aTranslation of: Le sommeil et le r̊ve.
=504  \\$aIncludes bibliographical references.
=588  \\$aDescription based on print version.
=650  \0$aSleep.
=650  \0$aDreams.
=650  \7$aDreams.$2fast$0(OCoLC)fst01198490
=650  \7$aSleep.$2fast$0(OCoLC)fst01120819
=700  1\$6880-04$aMorita, Yūsuke,$d1941-
=773  0\$tJapanKnowledge
=776  08$iPrint version:$tSuimin to yume
=830  \0$6880-05$aBunko kuseju$v701.
=856  40$3JapanKnowledge$uhttp://japanknowledge.com/lib/display/?lid=8021007010000$yJapanKnowledge Lib
=880  10$6245-01/{dollar}1$a睡眠と夢 /$cシャルル・ケゼール著 ; 森田雄介訳
=880  \1$6264-02/{dollar}1$a東京 :$b白水社,$c1989.
=880  1\$6490-03/{dollar}1$a文庫クセジュ ;$v701
=880  1\$6700-04/{dollar}1$a森田雄介,$d1941-
=880  \0$6830-05/{dollar}1$a文庫クセジュ ;$v701.
=859  \\$aORR$bJapanKnowledge
=CAT  \\$aW1704-1242$b00$c20170509$lBLL01$h0927
=CAT  \\$aBATCH-UPD$b00$c20170509$lBLL01$h0931
=CAT  \\$aW2003-0365$c20200305$lBLL01$h1101
=FIN  \\$aY$d20170509
=SID  \\$aZ30$bOCLC
=SRC  \\$aJapanKnowledge_2017$bJK_OCLC20170203.mrc
=LAS  \\$aW2003-0365$b00$c20200305$lBLL01$h1101

