=LDR  02306 am a22006134i 4500
=001  018337943
=003  Uk
=005  20170106042909.0
=006  m\\\\\o\\d\\\\\\\\
=007  cr\|||||||||||
=008  151113s2003\\\\ja\\\\\\o\\\\\000\0\jpn\d
=FMT  \\$a  BK
=020  \\$z4560058644
=020  \\$z9784560058640
=035  \\$a(OCoLC)929030531
=040  \\$aYUS$beng$cYUS$dYUS$dOCLCO$dOCLCF$dOCL$dUk$erda$epn
=041  1\$ajpn$hfre
=043  \\$ae-fr---$ae-uk-en
=245  00$6880-01$aHyakunen sensō /$cFirippu Kontamīfu cho ; Sakamaki Shōji yaku.
=264  \1$6880-02$aTōkyō :$bHakusuisha,$c2003.
=300  \\$a1 online resource.
=336  \\$atext$btxt$2rdacontent
=337  \\$acomputer$bc$2rdamedia
=338  \\$aonline resource$bcr$2rdacarrier
=490  1\$6880-03$aBunko kuseju ;$v864
=588  \\$aDescription based on print version.
=611  27$aHundred Years' War (1339-1453)$2fast$0(OCoLC)fst00963888
=648  \7$a1066-1600$2fast
=650  \0$aHundred Years' War, 1339-1453.
=650  \7$aManners and customs.$2fast$0(OCoLC)fst01007815
=651  \0$aFrance$xSocial life and customs$y1328-1600.
=651  \0$aEngland$xSocial life and customs$y1066-1485.
=651  \7$aEngland.$2fast$0(OCoLC)fst01219920
=651  \7$aFrance.$2fast$0(OCoLC)fst01204289
=700  1\$6880-04$aSakamaki, Shōji,$d1927-
=700  1\$aContamine, Philippe.
=730  0\$aGuerre de Cent ans.
=773  0\$tJapanKnowledge
=776  08$iPrint version:$tHyakunen sensō.
=830  \0$6880-05$aBunko kuseju$v864.
=856  40$3JapanKnowledge$uhttp://japanknowledge.com/lib/display/?lid=8021008640000$yJapanKnowledge Lib
=880  00$6245-01/{dollar}1$a百年戦争 /$cフィリップ・コンタミーヌ著 ; 坂卷昭二訳.
=880  \1$6264-02/{dollar}1$a東京 :$b白水社,$c2003.
=880  1\$6490-03/{dollar}1$a文庫クセジュ ;$v864
=880  1\$6700-04/{dollar}1$a坂卷昭二,$d1927-
=880  \0$6830-05/{dollar}1$a文庫クセジュ ;$v864.
=859  \\$aORR$bJapanKnowledge
=CAT  \\$aW1704-1242$b00$c20170509$lBLL01$h0927
=CAT  \\$aBATCH-UPD$b00$c20170509$lBLL01$h0931
=CAT  \\$aW2003-0365$c20200305$lBLL01$h1101
=FIN  \\$aY$d20170509
=SID  \\$aZ30$bOCLC
=SRC  \\$aJapanKnowledge_2017$bJK_OCLC20170203.mrc
=LAS  \\$aW2003-0365$b00$c20200305$lBLL01$h1101

