=LDR  02677 am a22006497a 4500
=001  018337944
=003  Uk
=005  20170106042909.0
=006  m\\\\\o\\d\\\\\\\\
=007  cr\|||||||||||
=008  111006s2000\\\\ja\b\\\\o\\\\\000\0\jpn\d
=FMT  \\$a  BK
=019  \\$a300573263
=020  \\$z4582806678
=020  \\$z9784582806670
=035  \\$a(OCoLC)755992745$z(OCoLC)300573263
=040  \\$aOCLCE$beng$cOCLCE$dCUS$dOCLCQ$dOCLCA$dOCLCO$dOCLCQ$dOCLCO$dYUS$dOCLCO$dYUS$dOCLCO$dOCLCQ$dYUS$dOCLCO$dUk$epn
=042  \\$adlr
=043  \\$aa-cc---
=050  \4$aDS793.S8$bT35 2000
=100  1\$6880-01$aTakezoe, Kōkō,$d1841 or 1842-1917
=245  10$6880-02$aSan'un kyōu nikki /$cTakezoe Seisei cho ; Iwaki Hideo yakuchū.
=250  \\$6880-03$aShohan.
=260  \\$6880-04$aTōkyō :$bHeibonsha,$c2000.
=300  \\$a1 online resource (291 pages).
=336  \\$atext$btxt$2rdacontent
=337  \\$acomputer$bc$2rdamedia
=338  \\$aonline resource$bcr$2rdacarrier
=490  1\$6880-05$aTōyō bunko ;$v667
=588  0\$aPrint version record.
=600  10$6880-06$aTakezoe, Kōkō,$d1841 or 1842-1917$xTravel$zChina$zSichuan Sheng.
=651  \0$aSichuan Sheng (China)$xDescription and travel.
=651  \0$aSzewang Province (China)$xDescription and travel.
=700  1\$6880-07$aIwaki, Hideo,$d1923-
=773  0\$tJapanKnowledge
=776  08$iPrint version:$aTakezoe, Kōkō, 1841 or 2-1917.$tSan'un kyōu nikki.$bShohan.$dTōkyō : Heibonsha, 2000$z4582806678$z9784582806670
=830  \0$6880-08$aTōyō bunko$v667.
=856  40$3JapanKnowledge$uhttp://japanknowledge.com/lib/display/?lid=80010V0667P0002$yJapanKnowledge Lib
=880  1\$6100-01/{dollar}1$a竹添光鴻,$d1841 or 1842-1917.
=880  10$6245-02/{dollar}1$a棧雲峽雨日記 /$c竹添井井著 ; 岩城秀夫訳注.
=880  \\$6250-03/{dollar}1$a初版.
=880  \\$6260-04/{dollar}1$a東京 :$b平凡社,$c2000.
=880  30$6246-00/{dollar}1$a明治漢詩人の四川の旅
=880  1\$6490-05/{dollar}1$a東洋文庫 ;$v667
=880  14$6600-06/{dollar}1$a竹添光鴻,$d1841 or 1842-1917$xJourneys$zChina$zSichuan Sheng.
=880  \4$6651-00/{dollar}1$a四川省(China)$xDescription and travel.
=880  1\$6700-07/{dollar}1$a岩城秀夫,$d1923-
=880  \0$6830-08/{dollar}1$a東洋文庫 ;$v667.
=859  \\$aORR$bJapanKnowledge
=CAT  \\$aW1704-1242$b00$c20170509$lBLL01$h0927
=CAT  \\$aBATCH-UPD$b00$c20170509$lBLL01$h0931
=CAT  \\$aBATCH-UPD$b00$c20170509$lBLL01$h0939
=CAT  \\$aW2003-0365$c20200305$lBLL01$h1101
=FIN  \\$aY$d20170509
=SID  \\$aZ30$bOCLC
=SRC  \\$aJapanKnowledge_2017$bJK_OCLC20170203.mrc
=LAS  \\$aW2003-0365$b00$c20200305$lBLL01$h1101

