=LDR  02690 am a22006497i 4500
=001  018337945
=003  Uk
=005  20170106042909.0
=006  m\\\\\o\\d\\\\\\\\
=007  cr\|||||||||||
=008  100630s1975\\\\ja\af\\\ob\\\\001\0\jpn\d
=FMT  \\$a  BK
=019  \\$a300604280
=035  \\$a(OCoLC)645373417$z(OCoLC)300604280
=040  \\$aOCLCE$beng$cOCLCE$dCUS$dOCLCQ$dOCLCF$dYUS$dOCLCO$dYUS$dOCLCO$dOCLCQ$dYUS$dOCLCO$dUk$epn
=041  1\$ajpn$heng
=042  \\$adlr
=043  \\$aa-cc---
=050  \4$aDS708$b.M146
=100  1\$aMacartney, George Macartney,$cEarl,$d1737-1806.
=240  10$aEmbassy to China.$lJapanese
=245  10$6880-01$aChūgoku hōmon shisetsu nikki /$cMakātonī [cho] ; Banno Masataka yakuchū.
=250  \\$6880-02$aShohan.
=260  \\$6880-03$aTōkyō :$bHeibonsha,$cShōwa 50 [1975]
=300  \\$a1 online resource (13, 350, 8 pages, [1] leaf of plates) :$billustrations.
=336  \\$atext$btxt$2rdacontent
=337  \\$acomputer$bc$2rdamedia
=338  \\$aonline resource$bcr$2rdacarrier
=490  1\$6880-04$aTōyō bunko ;$v277
=500  \\$aIncludes index.
=504  \\$aIncludes bibliographical references (pages 337-342).
=588  0\$aPrint version record.
=600  10$aMacartney, George Macartney,$cEarl,$d1737-1806.
=600  17$aMacartney, George Macartney,$cEarl,$d1737-1806$2fast$0(OCoLC)fst00040603
=650  \7$aTravel.$2fast$0(OCoLC)fst01155558
=651  \0$aChina$xDescription and travel.
=651  \7$aChina.$2fast$0(OCoLC)fst01206073
=700  1\$6880-05$aBanno, Masataka,$d1916-
=773  0\$tJapanKnowledge
=776  08$iPrint version:$aMacartney, George Macartney, Earl, 1737-1806.$sEmbassy to China. Japanese.$tChūgoku hōmon shisetsu nikki.$dTōkyō : Heibonsha, Shōwa 50 [1975]
=830  \0$6880-06$aTōyō bunko$v277.
=856  40$3JapanKnowledge$uhttp://japanknowledge.com/lib/display/?lid=80010V0277P0003$yJapanKnowledge Lib
=880  10$6245-01/{dollar}1$a中国訪問使節日記 /$cマカートニー[著] ; 坂野正高訳注.
=880  \\$6250-02/{dollar}1$a初版.
=880  \\$6260-03/{dollar}1$a東京 :$b平凡社,$c昭和50 [1975]
=880  1\$6490-04/{dollar}1$a東洋文庫 ;$v277
=880  1\$6700-05/{dollar}1$a坂野正高,$d1916-
=880  \0$6830-06/{dollar}1$a東洋文庫 ;$v277.
=859  \\$aORR$bJapanKnowledge
=CAT  \\$aW1704-1242$b00$c20170509$lBLL01$h0927
=CAT  \\$aBATCH-UPD$b00$c20170509$lBLL01$h0931
=CAT  \\$aBATCH-UPD$b00$c20170509$lBLL01$h0939
=CAT  \\$aW2003-0365$c20200305$lBLL01$h1101
=FIN  \\$aY$d20170509
=SID  \\$aZ30$bOCLC
=SRC  \\$aJapanKnowledge_2017$bJK_OCLC20170203.mrc
=LAS  \\$aW2003-0365$b00$c20200305$lBLL01$h1101

