=LDR  02389cam a22006134i 4500
=001  018337946
=003  Uk
=005  20170106042910.0
=006  m\\\\\o\\d\\\\\\\\
=007  cr\|||||||||||
=008  151113s2005\\\\ja\\\\\\o\\\\\000\0\jpn\d
=FMT  \\$a  BK
=020  \\$z4560508879
=020  \\$z9784560508879
=035  \\$a(OCoLC)929030747
=040  \\$aYUS$beng$cYUS$dYUS$dOCLCO$dOCLCF$dUk$erda$epn
=041  1\$ajpn$hfre
=100  10$aAndlau, Guillaume d',$eauthor.
=240  10$aL'action humanitaire.$lJapanese
=245  10$6880-01$aNGO to jindō shien katsudō /$cGiyōmu Dandorō cho ; Nishiumi Maki, Nakai Aiko yaku.
=264  \1$6880-02$aTōkyō :$bHakusuisha,$c2005.
=300  \\$a1 online resource.
=336  \\$atext$btxt$2rdacontent
=337  \\$acomputer$bc$2rdamedia
=338  \\$aonline resource$bcr$2rdacarrier
=490  1\$6880-03$aBunko kuseju ;$v887
=588  \\$aDescription based on print version.
=650  \0$aHumanitarian assistance$xHistory.
=650  \0$aInternational relief$xHistory.
=650  \7$aHumanitarian assistance.$2fast$0(OCoLC)fst00963553
=650  \7$aInternational relief.$2fast$0(OCoLC)fst00977110
=655  \7$aHistory.$2fast$0(OCoLC)fst01411628
=700  1\$6880-04$aNishiumi, Maki,$d1955-
=700  1\$6880-05$aNakai, Aiko,$d1975-
=773  0\$tJapanKnowledge
=776  08$iPrint version:$tEnujīō to jindō shien katsudō.
=830  \0$6880-06$aBunko kuseju$v887.
=856  40$3JapanKnowledge$uhttp://japanknowledge.com/lib/display/?lid=8021008870000$yJapanKnowledge Lib
=880  10$6245-01/{dollar}1$aNGOと人道支援活動 /$cギヨーム・ダンドロー著 ; 西海真樹, 中井愛子訳.
=880  \1$6264-02/{dollar}1$a東京 :$b白水社,$c2005.
=880  1\$6490-03/{dollar}1$a文庫クセジュ ;$v887
=880  1\$6700-04/{dollar}1$a西海真樹,$d1955-
=880  1\$6700-05/{dollar}1$a中井愛子,$d1975-
=880  \0$6830-06/{dollar}1$a文庫クセジュ ;$v887.
=859  \\$aORR$bJapanKnowledge
=CAT  \\$aW1704-1242$b00$c20170509$lBLL01$h0927
=CAT  \\$aBATCH-UPD$b00$c20170509$lBLL01$h0931
=CAT  \\$aBATCH-UPD$b00$c20170509$lBLL01$h0939
=CAT  \\$aW2003-0365$c20200305$lBLL01$h1101
=CAT  \\$aBATCH-UPD$b00$c20220120$lBLL01$h2017
=FIN  \\$aY$d20170509
=SID  \\$aZ30$bOCLC
=SRC  \\$aJapanKnowledge_2017$bJK_OCLC20170203.mrc
=LAS  \\$aBATCH-UPD$b00$c20220120$lBLL01$h2017

