=LDR  02491 am a22005894i 4500
=001  018337947
=003  Uk
=005  20170106042910.0
=006  m\\\\\o\\d\\\\\\\\
=007  cr\|||||||||||
=008  160115s1992\\\\ja\\\\\\ob\\\\001\0\jpn\d
=FMT  \\$a  BK
=020  \\$z4560057265
=020  \\$z9784560057261
=035  \\$a(OCoLC)934799105
=040  \\$aSTF$beng$cYUS$dOCLCO$dYUS$dOCLCO$dUk$erda$epn
=041  1\$ajpn$hfre
=050  \4$aBL781$b.G68163 1992
=100  1\$aGrimal, Pierre,$d1912-1996,$eauthor.
=240  10$aMythologie grecque.$lJapanese
=245  10$6880-01$aGirishia shinwa /$cPiēru Gurimaru cho ; Kōzu Harushige yaku.
=264  \1$6880-02$aTōkyō :$bHakusuisha,$c1992.
=300  \\$a1 online resource.
=336  \\$atext$btxt$2rdacontent
=337  \\$acomputer$bc$2rdamedia
=338  \\$aonline resource$bcr$2rdacarrier
=490  1\$6880-03$aBunko kuseju ;$v726
=500  \\$aTranslation of: La mythologie grecque, 1953. Previously published in 1956. With corrections.
=504  \\$aIncludes bibliographical references and index.
=588  \\$aDescription based on print version record.
=650  \0$aMythology, Greek.
=650  \7$aMythology, Greek.$2fast$0(OCoLC)fst01031804
=700  1\$6880-04,$aKōzu, Harushige,$d1908-1973$etranslator.
=773  0\$tJapanKnowledge
=776  08$6880-05$iPrint version:$aGrimal, Pierre, 1912-1996.$sMythologie grecque. Japanese.$tGirishia shinwa.$dTōkyō : Hakusuisha, 1992
=830  \0$6880-06$aBunko kuseju$v726.
=856  40$3JapanKnowledge$uhttp://japanknowledge.com/lib/display/?lid=8021007260000$yJapanKnowledge Lib
=880  10$6245-01$aギリシア神話 /$cピエール・グリマル著 ; 高津春繁訳.
=880  \1$6264-02$a東京 :$b白水社,$c1992.
=880  1\$6490-03$a文庫クセジュ ;$v726
=880  1\$6700-04$a高津春繁,$d1908-1973,$etranslator.
=880  08$6776-05$iPrint version:$aGrimal, Pierre, 1912-1996.$sMythologie grecque. Japanese.$tギリシア神話.$d東京 : 白水社, 1992$w(OCoLC)33784205
=880  \0$6830-06$a文庫クセジュ ;$v726.
=859  \\$aORR$bJapanKnowledge
=CAT  \\$aW1704-1242$b00$c20170509$lBLL01$h0927
=CAT  \\$aBATCH-UPD$b00$c20170509$lBLL01$h0931
=CAT  \\$aBATCH-UPD$b00$c20170509$lBLL01$h0939
=CAT  \\$aW2003-0365$c20200305$lBLL01$h1101
=FIN  \\$aY$d20170509
=SID  \\$aZ30$bOCLC
=SRC  \\$aJapanKnowledge_2017$bJK_OCLC20170203.mrc
=LAS  \\$aW2003-0365$b00$c20200305$lBLL01$h1101

