=LDR  02486 am a22005894i 4500
=001  018337948
=003  Uk
=005  20170106042910.0
=006  m\\\\\o\\d\\\\\\\\
=007  cr\|||||||||||
=008  151113s1964\\\\ja\\\\\\ob\\\\000\0\jpn\d
=FMT  \\$a  BK
=020  \\$z4560053553
=020  \\$z9784560053553
=035  \\$a(OCoLC)929028971
=040  \\$aSTF$beng$cYUS$dOCLCO$dYUS$dOCLCO$dOCLCF$dOCLCO$dUk$erda$epn
=041  1\$ajpn$hfre
=050  \4$aB131$b.B6163 1964
=100  1\$aBoulier-Fraissinet, Jean,$eauthor.
=240  10$aPhilosophie Indienne.$lJapanese
=245  10$6880-01$aIndo no tetsugaku /$cJan Burie Furesshine cho ; Watanabe Shigeaki yaku.
=264  \1$6880-02$aTōkyō :$bHakusuisha,$c1964.
=300  \\$a1 online resource (121, 3 pages).
=336  \\$atext$btxt$2rdacontent
=337  \\$acomputer$bc$2rdamedia
=338  \\$aonline resource$bcr$2rdacarrier
=490  1\$6880-03$aBunko kuseju ;$v355
=500  \\$aTranslation of: La philosophie indienne.
=504  \\$aIncludes bibliographical references (page 3 (2nd group)).
=588  \\$aDescription based on print version record.
=650  \0$aPhilosophy, Indic$xHistory.
=650  \7$aPhilosophy, Indic.$2fast$0(OCoLC)fst01060996
=655  \7$aHistory.$2fast$0(OCoLC)fst01411628
=700  1\$6880-04$aWatanabe, Shigeaki,$d1939-$etranslator.
=773  0\$tJapanKnowledge
=776  08$6880-05$iPrint version:$aBoulier-Fraissinet, Jean.$sLa philosophie indienne.$tIndo no tetsugaku.$dTōkyō : Hakusuisha, 1964
=830  \0$6880-06$aBunko kuseju$v355.
=856  40$3JapanKnowledge$uhttp://japanknowledge.com/lib/display/?lid=8021003550000$yJapanKnowledge Lib
=880  10$6245-01$aインドの哲学 /$cジャン・ブリエ・フレッシネ著 ; 渡辺重朗訳.
=880  \1$6264-02$a東京 :$b白水社,$c1964.
=880  1\$6490-03$a文庫クセジュ ;$v355
=880  1\$6700-04$a渡辺重朗,$d1939-$etranslator.
=880  08$6776-05$iPrint version:$aBoulier-Fraissinet, Jean.$sLa philosophie indienne.$tインドの哲学.$d東京 : 白水社, 1964$w(OCoLC)33645796
=880  \0$6830-06$a文庫クセジュ ;$v355.
=859  \\$aORR$bJapanKnowledge
=CAT  \\$aW1704-1242$b00$c20170509$lBLL01$h0927
=CAT  \\$aBATCH-UPD$b00$c20170509$lBLL01$h0931
=CAT  \\$aW2003-0365$c20200305$lBLL01$h1101
=FIN  \\$aY$d20170509
=SID  \\$aZ30$bOCLC
=SRC  \\$aJapanKnowledge_2017$bJK_OCLC20170203.mrc
=LAS  \\$aW2003-0365$b00$c20200305$lBLL01$h1101

