=LDR  02680 am a22006737a 4500
=001  018337949
=003  Uk
=005  20170106042911.0
=006  m\\\\\o\\d\\\\\\\\
=007  cr\un|||||||||
=008  090109s2000\\\\ja\a\\\\ob\\\\000\0\jpn\d
=FMT  \\$a  BK
=035  \\$a(OCoLC)297686855
=040  \\$aOCLCE$beng$cOCLCE$dOCLCQ$dCUS$dOCLCQ$dOCLCO$dYUS$dOCLCO$dYUS$dOCLCO$dOCLCQ$dYUS$dOCLCO$dUk$epn
=043  \\$aaw-----$ae------
=050  \4$aDS36.85$b.M34 2000
=100  1\$6880-01$aMaejima, Shinji,$d1903-
=245  10$6880-02$aIsuramu to Yōroppa /$cMaejima Shinji cho ; Sugita Hideaki hen.
=250  \\$6880-03$aShohan.
=260  \\$6880-04$aTōkyō :$bHeibonsha,$c2000.
=300  \\$a1 online resource (457 pages) :$billustrations.
=336  \\$atext$btxt$2rdacontent
=337  \\$acomputer$bc$2rdamedia
=338  \\$aonline resource$bcr$2rdacarrier
=490  1\$6880-05$aTōyō bunko ;$v673
=490  1\$6880-06$aMaejima Shinji chosakusen ;$v2
=504  \\$aIncludes bibliographical references.
=588  0\$aPrint version record.
=650  \0$aCivilization$xIslam.
=650  \0$aCivilization, Arab.
=650  \0$aIslam$xHistory.
=651  \0$aEurope$xCivilization$xIslamic influences.
=651  \0$aIslamic countries$xCivilization.
=651  \0$aMiddle East$xCivilization.
=700  1\$6880-07$aSugita, Hideaki,$d1956-
=773  0\$tJapanKnowledge
=776  08$iPrint version:$aMaejima, Shinji, 1903-$tIsuramu to Yōroppa.$bShohan.$dTōkyō : Heibonsha, 2000$z4582806732$z9784582806731
=830  \0$6880-08$aTōyō bunko$v673.
=830  \0$6880-09$aMaejima Shinji chosakusen ;$v2.
=856  40$3JapanKnowledge$uhttp://japanknowledge.com/lib/display/?lid=80010V0673P0002$yJapanKnowledge Lib
=880  1\$6100-01/{dollar}1$a前嶋信次,$d1903-
=880  10$6245-02/{dollar}1$aイスラムとヨーロッパ /$c前嶋信次著 ; 杉田英明編.
=880  \\$6250-03/{dollar}1$a初版.
=880  \\$6260-04/{dollar}1$a東京 :$b平凡社,$c2000.
=880  1\$6490-00/{dollar}1$a前嶋信次著作選 ;$v2
=880  1\$6490-05/{dollar}1$a東洋文庫 ;$v673
=880  1\$6490-06/{dollar}1$a前嶋信次著作選 ;$v2
=880  1\$6700-07/{dollar}1$a杉田英明,$d1956-
=880  \0$6830-08/{dollar}1$a東洋文庫 ;$v673.
=880  \0$6830-09/{dollar}1$a前嶋信次著作選 ;$v2.
=859  \\$aORR$bJapanKnowledge
=CAT  \\$aW1704-1242$b00$c20170509$lBLL01$h0927
=CAT  \\$aBATCH-UPD$b00$c20170509$lBLL01$h0931
=CAT  \\$aBATCH-UPD$b00$c20170509$lBLL01$h0939
=CAT  \\$aW2003-0365$c20200305$lBLL01$h1101
=FIN  \\$aY$d20170509
=SID  \\$aZ30$bOCLC
=SRC  \\$aJapanKnowledge_2017$bJK_OCLC20170203.mrc
=LAS  \\$aW2003-0365$b00$c20200305$lBLL01$h1101

