=LDR  02662 am a22006497a 4500
=001  018337950
=003  Uk
=005  20170106042911.0
=006  m\\\\\o\\d\\\\\\\\
=007  cr\|||||||||||
=008  100305s1973\\\\ja\a\\\\ob\\\\000\0\jpn\d
=FMT  \\$a  BK
=035  \\$a(OCoLC)541078506
=040  \\$aOCLCE$beng$cOCLCE$dOCLCQ$dCUS$dOCLCQ$dOCLCF$dYUS$dOCLCO$dYUS$dOCLCO$dOCLCQ$dYUS$dOCLCO$dUk$epn
=042  \\$adlr
=043  \\$aa-ja---
=050  \4$aPL768.J6$bA7
=084  \\$a912.4$2njb
=084  \\$aKG181$2kktb
=100  1\$6880-01$aAraki, Shigeru,$d1922-
=245  10$6880-02$aSekkyōbushi :$bSanshō Dayū, Oguri hangan hoka /$cAraki Shigeru, Yamamoto Kichizō henchū.
=250  \\$6880-03$aShohan.
=260  \\$6880-04$aTōkyō :$bHeibonsha,$cShōwa 48 [1973]
=300  \\$a1 online resource (vii, 361 pages) :$billustrations.
=336  \\$atext$btxt$2rdacontent
=337  \\$acomputer$bc$2rdamedia
=338  \\$aonline resource$bcr$2rdacarrier
=490  1\$6880-05$aTōyō bunko ;$v243
=504  \\$aIncludes bibliographical references.
=505  00$6880-06$tSanshō Dayū --$tKarukaya --$tShintokumaru --$tAigo no waka --$tOguri hangan --$gfu:$tShinodazuma.
=588  0\$aPrint version record.
=650  \0$aJōruri.
=650  \0$aSekkyō jōruri.
=650  \7$aJōruri.$2fast$0(OCoLC)fst00985527
=650  \7$aSekkyō jōruri.$2fast$0(OCoLC)fst01111361
=655  \4$aSekkyôjôruri.
=700  1\$6880-07$aYamamoto, Kichizō,$d1935-
=773  0\$tJapanKnowledge
=776  08$iPrint version:$aAraki, Shigeru, 1922-$tSekkyōbushi.$bShohan.$dTōkyō : Heibonsha, Shōwa 48 [1973]
=830  \0$6880-08$aTōyō bunko$v243.
=856  40$3JapanKnowledge$uhttp://japanknowledge.com/lib/display/?lid=80010V0243P0002$yJapanKnowledge Lib
=880  1\$6100-01/{dollar}1$a荒木繁,$d1922-
=880  10$6245-02/{dollar}1$a說経節 :$b山椒太夫, 小栗判官他 /$c荒木繁, 山本吉左右編注.
=880  \\$6250-03/{dollar}1$a初版.
=880  \\$6260-04/{dollar}1$a東京 :$b平凡社,$c昭和48 [1973]
=880  1\$6490-05/{dollar}1$a東洋文庫 ;$v243
=880  00$6505-06/{dollar}1$t山椒太夫 --$t苅萱 --$t信德丸 --$t愛護若 --$t小栗判官 --$g付:$t信太妻.
=880  1\$6700-07/{dollar}1$a山本吉左右,$d1935-
=880  \0$6830-08/{dollar}1$a東洋文庫 ;$v243.
=859  \\$aORR$bJapanKnowledge
=CAT  \\$aW1704-1242$b00$c20170509$lBLL01$h0927
=CAT  \\$aBATCH-UPD$b00$c20170509$lBLL01$h0931
=CAT  \\$aW2003-0365$c20200305$lBLL01$h1101
=FIN  \\$aY$d20170509
=SID  \\$aZ30$bOCLC
=SRC  \\$aJapanKnowledge_2017$bJK_OCLC20170203.mrc
=LAS  \\$aW2003-0365$b00$c20200305$lBLL01$h1101

