=LDR  03231 am a22007337i 4500
=001  018337951
=003  Uk
=005  20170106042911.0
=006  m\\\\\o\\d\\\\\\\\
=007  cr\|||||||||||
=008  140929s1969\\\\ja\a\\\\o\\\\\000\0\jpn\d
=FMT  \\$a  BK
=019  \\$a774606231
=020  \\$z458280134X
=020  \\$z9784582801347
=035  \\$a(OCoLC)891661738$z(OCoLC)774606231
=040  \\$aOCLCE$beng$cOCLCE$dOCLCO$dCUS$dOCLCF$dYUS$dOCLCO$dYUS$dOCLCO$dOCLCQ$dOCLCO$dYUS$dOCLCO$dUk$epn
=041  1\$ajpn$hper
=042  \\$adlr
=050  \4$aBJ1678.P3$bK23 1969
=245  00$6880-01$aPerushia itsuwashū /$cKuroyanagi Tsuneo yaku.
=246  3\$6880-02$aKābūsu no sho
=246  3\$6880-03$aYottsu no kōwa
=250  \\$6880-04$aShohan.
=260  \\$6880-05$aTōkyō :$bHeibonsha,$cShōwa 44 [1969]
=300  \\$a1 online resource (8, 326 pages) :$billustrations.
=336  \\$atext$btxt$2rdacontent
=337  \\$aunmediated$bn$2rdamedia
=338  \\$avolume$bnc$2rdacarrier
=490  1\$6880-06$aTōyō bunko ;$v134
=505  0\$6880-07$aKābūsu no sho / Kai Kāūsu cho -- Yottsu no kōwa / Nizāmī cho.
=588  0\$aPrint version record.
=650  \0$aEducation of princes.
=650  \0$aIslamic ethics.
=650  \0$aMuslim youth$xConduct of life.
=650  \7$aEducation of princes.$2fast$0(OCoLC)fst00902875
=650  \7$aIslamic ethics.$2fast$0(OCoLC)fst00979936
=650  \7$aMuslim youth$xConduct of life.$2fast$0(OCoLC)fst01031023
=700  1\$6880-08$aKuroyanagi, Tsuneo,$d1925-2014
=700  02$6880-09.$aNiẓāmī ʿArūz̤ī,$dactive 1110-1161$tChahār maqālah.$lJapanese.
=700  12$6880-10.$aKaykāvūs ibn Iskandar ibn Qābūs, ʿUnṣur al-Maʿālī,$d1021 or 1022-1098 or 1099$tQābūsnāmah.$lJapanese.
=773  0\$tJapanKnowledge
=776  08$iPrint version:$tPerushia itsuwashū.$bShohan.$dTōkyō : Heibonsha, Shōwa 44 [1969]
=830  \0$6880-11$aTōyō bunko$v134.
=856  40$3JapanKnowledge$uhttp://japanknowledge.com/lib/display/?lid=80010V0134P0002$yJapanKnowledge Lib
=880  00$6245-01/{dollar}1$aペルシア逸話集 /$c黒柳恒男訳.
=880  3\$6246-02/{dollar}1$aカ-ブ-スの書
=880  3\$6246-03/{dollar}1$a四つの講話
=880  \\$6250-04/{dollar}1$a初版.
=880  \\$6260-05/{dollar}1$a東京 :$b平凡社,$c昭和44 [1969]
=880  1\$6490-06/{dollar}1$a東洋文庫 ;$v134
=880  0\$6505-07/{dollar}1$aカ-ブ-スの書 / カイ・カ-ウ-ス著 -- 四つの講話 / ニザ-ミ-著.
=880  1\$6700-08/{dollar}1$a黒柳恒男,$d1925-
=880  12$6700-09/(3/r$aنظامى، ءروضى،,$dحو. 11101161.$tچهار مقاله.$lيابانى.
=880  12$6700-10/(4/r$aکىکاووس بن اسکندر بن قابوس، عنصر المعالى،,$dت 1021 يا 2-1098 يا 9.$tقابوسنامه.$lيابانى.
=880  \0$6830-11/{dollar}1$a東洋文庫 ;$v134.
=859  \\$aORR$bJapanKnowledge
=CAT  \\$aW1704-1242$b00$c20170509$lBLL01$h0927
=CAT  \\$aBATCH-UPD$b00$c20170509$lBLL01$h0931
=CAT  \\$aW2003-0365$c20200305$lBLL01$h1101
=FIN  \\$aY$d20170509
=SID  \\$aZ30$bOCLC
=SRC  \\$aJapanKnowledge_2017$bJK_OCLC20170203.mrc
=LAS  \\$aW2003-0365$b00$c20200305$lBLL01$h1101

