=LDR  02908 am a22007217a 4500
=001  018337952
=003  Uk
=005  20170106042912.0
=006  m\\\\\o\\d\\\\\\\\
=007  cr\|||||||||||
=008  100311s1986\\\\ja\a\\\\ob\\\\000\0ajpn\d
=FMT  \\$a  BK
=019  \\$a607779146
=020  \\$z4582804632
=020  \\$z9784582804638
=035  \\$a(OCoLC)551677455$z(OCoLC)607779146
=040  \\$aOCLCE$beng$cOCLCE$dOCLCQ$dCUS$dOCLCQ$dOCLCO$dOCLCQ$dOCLCO$dYUS$dOCLCO$dYUS$dOCLCO$dOCLCQ$dOCLCF$dYUS$dOCLCO$dUk$epn
=041  1\$ajpn$hchi
=042  \\$adlr
=043  \\$aa-ccg--
=050  \4$aPL2687.L8$bZ46516 1986
=100  1\$6880-01$aLu, You,$d1125-1210
=240  10$6880-02$aRu Shu ji.$lJapanese
=245  10$6880-03$aNyūshokuki /$cRiku Yū ; Iwaki Hideo yaku[chū].
=250  \\$6880-04$aShohan.
=260  \\$6880-05$aTōkyō :$bHeibonsha,$c1986.
=300  \\$a1 online resource (iii, 240, 16 pages) :$billustrations.
=336  \\$atext$btxt$2rdacontent
=337  \\$acomputer$bc$2rdamedia
=338  \\$aonline resource$bcr$2rdacarrier
=490  1\$6880-06$aTōyō bunko ;$v463
=504  \\$aIncludes bibliographical references.
=588  0\$aPrint version record.
=600  10$6880-07$aLu, You,$d1125-1210$xTravel$zChina$zYangtze River Valley.
=600  17$aLu, You,$d1125-1210$2fast$0(OCoLC)fst00019046
=650  \0$aPoets, Chinese$xTravel$zChina$zYangtze River Valley.
=650  \7$aPoets, Chinese$xTravel.$2fast$0(OCoLC)fst01067852
=650  \7$aTravel.$2fast$0(OCoLC)fst01155558
=651  \0$aYangtze River Valley (China)$xDescription and travel.
=651  \7$aChina$zYangtze River Valley.$2fast$0(OCoLC)fst01275745
=700  1\$6880-08$aIwaki, Hideo,$d1923-
=773  0\$tJapanKnowledge
=776  08$iPrint version:$aLu, You, 1125-1210.$sRu Shu ji. Japanese.$tNyūshokuki.$bShohan.$dTōkyō : Heibonsha, 1986
=830  \0$6880-09$aTōyō bunko$v463.
=856  40$3JapanKnowledge$uhttp://japanknowledge.com/lib/display/?lid=80010V0463P0002$yJapanKnowledge Lib
=880  1\$6100-01/{dollar}1$a陸游,$d1125-1210.
=880  10$6240-02/{dollar}1$a入蜀記.$lJapanese
=880  10$6245-03/{dollar}1$a入蜀記 /$c陸游 ; 岩城秀夫訳[注].
=880  \\$6250-04/{dollar}1$a初版.
=880  \\$6260-05/{dollar}1$a東京 :$b平凡社,$c1986.
=880  1\$6490-06/{dollar}1$a東洋文庫 ;$v463
=880  14$6600-07/{dollar}1$a陸游,$d1125-1210$xTravel$zChina$zYangtze River Valley.
=880  1\$6700-08/{dollar}1$a岩城秀夫,$d1923-
=880  \0$6830-09/{dollar}1$a東洋文庫 ;$v463.
=859  \\$aORR$bJapanKnowledge
=CAT  \\$aW1704-1242$b00$c20170509$lBLL01$h0927
=CAT  \\$aBATCH-UPD$b00$c20170509$lBLL01$h0931
=CAT  \\$aBATCH-UPD$b00$c20170509$lBLL01$h0939
=CAT  \\$aW2003-0365$c20200305$lBLL01$h1101
=FIN  \\$aY$d20170509
=SID  \\$aZ30$bOCLC
=SRC  \\$aJapanKnowledge_2017$bJK_OCLC20170203.mrc
=LAS  \\$aW2003-0365$b00$c20200305$lBLL01$h1101

