=LDR  02086 am a22005534i 4500
=001  018337953
=003  Uk
=005  20170106042912.0
=006  m\\\\\o\\d\\\\\\\\
=007  cr\|||||||||||
=008  151113s2004\\\\ja\\\\\\o\\\\\000\0\jpn\d
=FMT  \\$a  BK
=020  \\$z4560058717
=020  \\$z9784560058718
=035  \\$a(OCoLC)929031327
=040  \\$aCNEAL$beng$cYUS$dOCLCO$dYUS$dOCLCO$dOCLCF$dUk$erda$epn
=041  1\$ajpn$hfre
=050  \4$aDC203$b.D84165 2004
=100  10$aDufraisse, Roger,$eauthor.
=240  10$aNapoľon.$lJapanese
=245  10$6880-01$aNaporeon no shōgai /$cRoje Dyufuresu cho ; Adachi Masakatsu yaku.
=264  \1$6880-02$aTōkyō :$bHakusuisha,$c2004.
=300  \\$a1 online resource.
=336  \\$atext$btxt$2rdacontent
=337  \\$acomputer$bc$2rdamedia
=338  \\$aonline resource$bcr$2rdacarrier
=490  1\$6880-03$aBunko kuseju ;$v871
=500  \\$aTranslation of: Napoľon.
=588  \\$aDescription based on print version.
=600  00$aNapoleon$bI,$cEmperor of the French,$d1769-1821.
=600  07$aNapoleon$bI,$cEmperor of the French,$d1769-1821$2fast$0(OCoLC)fst00035482
=700  1\$6880-04$aAdachi, Masakatsu,$d1944-
=773  0\$tJapanKnowledge
=776  08$iPrint version:$tNaporeon no shogai
=830  \0$6880-05$aBunko kuseju$v871.
=856  40$3JapanKnowledge$uhttp://japanknowledge.com/lib/display/?lid=8021008710000$yJapanKnowledge Lib
=880  10$6245-01/{dollar}1$aナポレオンの生涯 /$cロジェ・デュフレス著 ; 安達正勝訳.
=880  \1$6264-02/{dollar}1$a東京 :$b白水社,$c2004.
=880  1\$6490-03/{dollar}1$a文庫クセジュ ;$v871
=880  1\$6700-04/{dollar}1$a安達, 正勝,$d1944-
=880  \0$6830-05/{dollar}1$a文庫クセジュ ;$v871.
=859  \\$aORR$bJapanKnowledge
=CAT  \\$aW1704-1242$b00$c20170509$lBLL01$h0927
=CAT  \\$aBATCH-UPD$b00$c20170509$lBLL01$h0931
=CAT  \\$aW2003-0365$c20200305$lBLL01$h1101
=FIN  \\$aY$d20170509
=SID  \\$aZ30$bOCLC
=SRC  \\$aJapanKnowledge_2017$bJK_OCLC20170203.mrc
=LAS  \\$aW2003-0365$b00$c20200305$lBLL01$h1101

