=LDR  02675 am a22006497a 4500
=001  018337954
=003  Uk
=005  20180409143010.0
=006  m\\\\\o\\d\\\\\\\\
=007  cr\un|||||||||
=008  120131s1964\\\\ja\\\\\\o\\\\\000\0\jpn\d
=FMT  \\$a  BK
=035  \\$a(OCoLC)774585844
=040  \\$aCUS$beng$cCUS$dOCLCQ$dOCLCF$dOCLCO$dYUS$dOCLCO$dOCLCQ$dYUS$dOCLCO$dOCLCQ$dYUS$dOCLCO$dUk
=041  1\$ajpn$hchi
=043  \\$aa-cc---
=050  \4$aJA84.C6$bH8319 1964
=100  1\$6880-01$aHuang, Zongxi,$d1610-1695
=240  10$6880-02$aMing yi dai fang lu.$lJapanese
=245  10$6880-03$aMeii taihōroku :$bChūgoku kindai shisō no hōga /$cKō Sōgi ; Nishida Taichirō yaku.
=250  \\$6880-04$aShohan.
=260  \\$6880-05$aTōkyō :$bHeibonsha,$cShōwa 39 [1964]
=300  \\$a1 online resource (11, 3, 191 pages).
=336  \\$atext$btxt$2rdacontent
=337  \\$acomputer$bc$2rdamedia
=338  \\$aonline resource$bcr$2rdacarrier
=490  1\$6880-06$aTōyō bunko ;$v20
=500  \\$6880-07$aTranslation of: Ming yi dai fang lu.
=588  0\$aPrint version record.
=650  \0$aPolitical science$zChina$xHistory.
=650  \7$aPolitical science.$2fast$0(OCoLC)fst01069781
=651  \7$aChina.$2fast$0(OCoLC)fst01206073
=655  \7$aHistory.$2fast$0(OCoLC)fst01411628
=700  1\$6880-08$aNishida, Taichirō,$d1910-1982
=773  0\$tJapanKnowledge
=776  08$iPrint version:$aHuang, Zongxi, 1610-1695.$sMing yi dai fang lu. Japanese.$tMeii taihōroku.$dTōkyō : Heibonsha, Shōwa 39 [1964]
=830  \0$6880-09$aTōyō bunko$v20.
=856  40$3JapanKnowledge$uhttp://japanknowledge.com/lib/display/?lid=80010V0020P0002$yJapanKnowledge Lib
=880  1\$6100-01/{dollar}1$a黄宗羲,$d1610-1695.
=880  10$6240-02/{dollar}1$a明夷待訪錄.$lJapanese
=880  10$6245-03/{dollar}1$a明夷待訪錄 :$b中国近代思想の萌芽 /$c黄宗羲 ; 西田太一郎訳.
=880  \\$6250-04/{dollar}1$a初版.
=880  \\$6260-05/{dollar}1$a東京 :$b平凡社,$c昭和39 [1964]
=880  1\$6490-06/{dollar}1$a東洋文庫 ;$v20
=880  \\$6500-07/{dollar}1$aTranslation of: 明夷待訪錄.
=880  1\$6700-08/{dollar}1$a西田太一郎,$d1910-
=880  \0$6830-09/{dollar}1$a東洋文庫 ;$v20.
=859  \\$aORR$bJapanKnowledge
=CAT  \\$aW1704-1242$b00$c20170509$lBLL01$h0927
=CAT  \\$aBATCH-UPD$b00$c20170509$lBLL01$h0931
=CAT  \\$aBATCH-UPD$b00$c20170509$lBLL01$h0939
=CAT  \\$a9572$b40$c20180409$lBLL01$h1430
=CAT  \\$aW2003-0365$c20200305$lBLL01$h1101
=FIN  \\$aY$d20170509
=SID  \\$aZ30$bOCLC
=SRC  \\$aJapanKnowledge_2017$bJK_OCLC20170203.mrc
=LAS  \\$aW2003-0365$b00$c20200305$lBLL01$h1101

