=LDR  03297 am a22007337a 4500
=001  018337955
=003  Uk
=005  20170106042913.0
=006  m\\\\\o\\d\\\\\\\\
=007  cr\|||||||||||
=008  100420m19641995ja\a\\\\ob\\\\000\0ajpn\d
=FMT  \\$a  BK
=035  \\$a(OCoLC)608378951
=040  \\$aOCLCE$beng$cOCLCE$dOCLCQ$dCUS$dOCLCQ$dOCLCF$dYUS$dOCLCO$dYUS$dOCL$dOCLCQ$dYUS$dOCLCO$dUk$epn
=041  1\$ajpn$heng
=042  \\$adlr
=043  \\$aa-cc---
=050  \4$aDS759.35$b.L5617 1964
=100  1\$aLindley, Augustus F.
=240  10$aTi-ping Tien-kwoh.$lJapanese
=245  10$6880-01$aTaihei Tengoku :$bRi Shūsei no bakka ni arite /$cRindorē ; Masui Tsuneo, Imamura Yoshio yaku[hen].
=250  \\$6880-02$aShohan.
=260  \\$6880-03$aTōkyō :$bHeibonsha,$cShōwa 39-40 [1964-1965]
=300  \\$a1 online resource (4 volumes) :$billustrations.
=336  \\$atext$btxt$2rdacontent
=337  \\$acomputer$bc$2rdamedia
=338  \\$aonline resource$bcr$2rdacarrier
=490  1\$6880-04$aTōyō bunko ;$v11, 25, 32, 56
=504  \\$aIncludes bibliographical references.
=588  0\$aPrint version record.
=600  10$aLindley, Augustus F.$xTravel$zChina.
=600  17$aLindley, Augustus F.$2fast$0(OCoLC)fst00157479
=611  27$aTaiping Rebellion (China : 1850-1864)$2fast$0(OCoLC)fst01355120
=648  \7$a1850-1864$2fast
=650  \7$aTravel.$2fast$0(OCoLC)fst01155558
=651  \0$aChina$xDescription and travel.
=651  \0$aChina$xHistory$yTaiping Rebellion, 1850-1864.
=651  \7$aChina.$2fast$0(OCoLC)fst01206073
=655  \7$aHistory.$2fast$0(OCoLC)fst01411628
=700  1\$6880-05$aMasui, Tsuneo,$d1907-
=700  1\$6880-06$aImamura, Yoshio,$d1925-
=773  0\$tJapanKnowledge
=776  08$iPrint version:$aLindley, Augustus F.$sTi-ping Tien-kwoh. Japanese.$tTaihei Tengoku.$bShohan.$dTōkyō : Heibonsha, <Shōwa 39- [1964->
=830  \0$6880-07$aTōyō bunko$v11, 25, 32, 56.
=856  40$3JapanKnowledge Volume 1$uhttp://japanknowledge.com/lib/display/?lid=80010V0011P0003$yJapanKnowledge Lib
=856  40$3JapanKnowledge Volume 2$uhttp://japanknowledge.com/lib/display/?lid=80010V0025P0002$yJapanKnowledge Lib
=856  40$3JapanKnowledge Volume 3$uhttp://japanknowledge.com/lib/display/?lid=80010V0032P0002$yJapanKnowledge Lib
=856  40$3JapanKnowledge Volume 4$uhttp://japanknowledge.com/lib/display/?lid=80010V0056P0002$yJapanKnowledge Lib
=880  10$6245-01/{dollar}1$a太平天国 :$b李秀成の幕下にありて /$cリンドレー ; 増井経夫, 今村与志雄訳[編].
=880  \\$6250-02/{dollar}1$a初版.
=880  \\$6260-03/{dollar}1$a東京 :$b平凡社,$c昭和 39-40 [1964-1965]
=880  1\$6490-04/{dollar}1$a東洋文庫 ;$v11, 25, 32, 56
=880  1\$6700-05/{dollar}1$a増井経夫,$d1907-
=880  1\$6700-06/{dollar}1$a今村与志雄,$d1925-
=880  \0$6830-07/{dollar}1$a東洋文庫 ;$v11, 25, 32, 56.
=859  \\$aORR$bJapanKnowledge
=CAT  \\$aW1704-1242$b00$c20170509$lBLL01$h0927
=CAT  \\$aBATCH-UPD$b00$c20170509$lBLL01$h0932
=CAT  \\$aBATCH-UPD$b00$c20170509$lBLL01$h0939
=CAT  \\$aW2003-0365$c20200305$lBLL01$h1101
=FIN  \\$aY$d20170509
=SID  \\$aZ30$bOCLC
=SRC  \\$aJapanKnowledge_2017$bJK_OCLC20170203.mrc
=LAS  \\$aW2003-0365$b00$c20200305$lBLL01$h1101

