=LDR  02833 am a22006737a 4500
=001  018337956
=003  Uk
=005  20170106042914.0
=006  m\\\\\o\\d\\\\\\\\
=007  cr\|||||||||||
=008  100422m19941995ja\a\\\\ob\\\\000\0\jpn\d
=FMT  \\$a  BK
=020  \\$z4582805841$q(v. 1)
=020  \\$z9784582805840$q(v. 1)
=035  \\$a(OCoLC)608886610
=040  \\$aOCLCE$beng$cOCLCE$dOCLCQ$dCUS$dOCLCQ$dOCLCF$dYUS$dOCLCO$dYUS$dOCLCO$dOCLCQ$dYUS$dOCLCO$dUk$epn
=043  \\$aa-sy---
=050  \4$aDS94$b.B4x 1985
=100  1\$aBell, Gertrude Lowthian,$d1868-1926.
=240  10$aDesert and the sown.$lJapanese
=245  10$6880-01$aShiria jūdan kikō /$cG.L. Beru ; Tasumi Tsuneo yaku.
=250  \\$6880-02$aShohan.
=260  \\$6880-03$aTōkyō :$bHeibonsha,$c1994-1995.
=300  \\$a1 online resource (2 volumes) :$billustrations.
=336  \\$atext$btxt$2rdacontent
=337  \\$acomputer$bc$2rdamedia
=338  \\$aonline resource$bcr$2rdacarrier
=490  1\$6880-04$aTōyō bunko ;$v584-585
=504  \\$aIncludes bibliographical references.
=588  0\$aPrint version record.
=600  10$aBell, Gertrude Lowthian,$d1868-1926$xTravel$zMiddle East.
=600  17$aBell, Gertrude Lowthian,$d1868-1926$2fast$0(OCoLC)fst00019896
=650  \7$aManners and customs.$2fast$0(OCoLC)fst01007815
=650  \7$aTravel.$2fast$0(OCoLC)fst01155558
=651  \0$aSyria$xDescription and travel.
=651  \0$aSyria$xSocial life and customs.
=651  \7$aMiddle East.$2fast$0(OCoLC)fst01241586
=651  \7$aSyria.$2fast$0(OCoLC)fst01208757
=700  1\$6880-05$aTasumi, Tsuneo,$d1931-
=773  0\$tJapanKnowledge
=776  08$iPrint version:$aBell, Gertrude Lowthian, 1868-1926.$sDesert and the sown. Japanese.$tShiria jūdan kikō.$bShohan.$dTōkyō : Heibonsha, 1994-
=830  \0$6880-06$aTōyō bunko$v584-585.
=856  40$3JapanKnowledge Volume 1$uhttp://japanknowledge.com/lib/display/?lid=80010V0584P0002$yJapanKnowledge Lib
=856  40$3JapanKnowledge Volume 2$uhttp://japanknowledge.com/lib/display/?lid=80010V0585P0002$yJapanKnowledge Lib
=880  10$6245-01/{dollar}1$aシリア縦断紀行 /$cG.L. ベル ; 田隅恒生訳.
=880  \\$6250-02/{dollar}1$a初版.
=880  \\$6260-03/{dollar}1$a東京 :$b平凡社,$c1994-1995.
=880  1\$6490-04/{dollar}1$a東洋文庫 ;$v584-585
=880  1\$6700-05/{dollar}1$a田隅恒生,$d1931-
=880  \0$6830-06/{dollar}1$a東洋文庫 ;$v584-585.
=859  \\$aORR$bJapanKnowledge
=CAT  \\$aW1704-1242$b00$c20170509$lBLL01$h0927
=CAT  \\$aBATCH-UPD$b00$c20170509$lBLL01$h0932
=CAT  \\$aBATCH-UPD$b00$c20170509$lBLL01$h0939
=CAT  \\$aW2003-0365$c20200305$lBLL01$h1101
=FIN  \\$aY$d20170509
=SID  \\$aZ30$bOCLC
=SRC  \\$aJapanKnowledge_2017$bJK_OCLC20170203.mrc
=LAS  \\$aW2003-0365$b00$c20200305$lBLL01$h1101

