=LDR  02779 am a22006734i 4500
=001  018337957
=003  Uk
=005  20170106042914.0
=006  m\\\\\o\\d\\\\\\\\
=007  cr\|||||||||||
=008  151117s2005\\\\ja\\\\\gob\\\\000\0\jpn\d
=FMT  \\$a  BK
=020  \\$z456050895X
=020  \\$z9784560508954
=035  \\$a(OCoLC)929688328
=040  \\$aWTU$beng$cYUS$dOCLCO$dYUS$dOCLCO$dOCLCF$dOCLCO$dOCL$dUk$erda$epn
=041  1\$ajpn$hfre
=100  1\$aDuboys Fresney, Catherine,$eauthor.
=240  10$aMétier d'infirmière en France.$lJapanese
=245  10$6880-01$aKangoshoku to wa nani ka /$cC. D. Furezune, G. Peran cho ; Kuze Junko, Tone Yōko, Hirao Machiko yaku.
=264  \1$6880-02$aTōkyō :$bHakusuisha,$c2005.
=300  \\$a1 online resource.
=336  \\$atext$btxt$2rdacontent
=337  \\$acomputer$bc$2rdamedia
=338  \\$aonline resource$bcr$2rdacarrier
=490  1\$6880-03$aBunko Kuseju ;$v895
=504  \\$aIncludes bibliographical references.
=588  \\$aDescription based on print version.
=648  \7$a1900-1999$2fast
=650  \0$aNursing$zFrance$xHistory$y20th century.
=650  \0$aMedical care$zFrance$xHistory$y20th century.
=650  \7$aMedical care.$2fast$0(OCoLC)fst01013753
=650  \7$aNursing.$2fast$0(OCoLC)fst01041731
=651  \7$aFrance.$2fast$0(OCoLC)fst01204289
=655  \7$aHistory.$2fast$0(OCoLC)fst01411628
=700  1\$6880-04$aKuze, Junko,$d1938-$etranslator.
=700  1\$6880-05$aTone, Yōko,$d1949-$etranslator.
=700  1\$6880-06$aHirao, Machiko,$d1953-$etranslator.
=700  1\$aPerrin, Georgette,$eauthor.
=700  1\$iTranslation of:$aDuboys Fresney, Catherine.$tLe métier d'infirmière en France.
=773  0\$tJapanKnowledge
=776  08$iPrint version:$tKangoshoku towa nanika
=830  \0$6880-07$aBunko kuseju$v895.
=856  40$3JapanKnowledge$uhttp://japanknowledge.com/lib/display/?lid=8021008950000$yJapanKnowledge Lib
=880  10$6245-01/{dollar}1$a看護職とは何か /$cC.D.フレズネ, G.ペラン著 ; 久世順子, 刀根洋子, 平尾真智子訳.
=880  \1$6264-02/{dollar}1$a東京 :$b白水社,$c2005.
=880  1\$6490-03/{dollar}1$a文庫クセジュ ;$v895
=880  1\$6700-04/{dollar}1$a久世順子,$d1938-$etranslator.
=880  1\$6700-05/{dollar}1$a刀根洋子,$d1949-$etranslator.
=880  1\$6700-06/{dollar}1$a平尾真智子,$d1953-$etranslator.
=880  \0$6830-07/{dollar}1$a文庫クセジュ ;$v895.
=859  \\$aORR$bJapanKnowledge
=CAT  \\$aW1704-1242$b00$c20170509$lBLL01$h0927
=CAT  \\$aBATCH-UPD$b00$c20170509$lBLL01$h0932
=CAT  \\$aW2003-0365$c20200305$lBLL01$h1101
=FIN  \\$aY$d20170509
=SID  \\$aZ30$bOCLC
=SRC  \\$aJapanKnowledge_2017$bJK_OCLC20170203.mrc
=LAS  \\$aW2003-0365$b00$c20200305$lBLL01$h1101

