=LDR  02205 am a22005774i 4500
=001  018337958
=003  Uk
=005  20170106042914.0
=006  m\\\\\o\\d\\\\\\\\
=007  cr\|||||||||||
=008  151113s2000\\\\ja\\\\\\o\\\\\000\0\jpn\d
=FMT  \\$a  BK
=020  \\$z456005830X
=020  \\$z9784560058305
=035  \\$a(OCoLC)929030688
=040  \\$aYUS$beng$cYUS$dYUS$dOCLCO$dOCLCF$dUk$erda$epn
=041  1\$ajpn$hfre
=245  00$6880-01$aUchū seibutsugaku e no shōtai /$cFuransowa Roran, Furoransu Roran Serusō, Jan Shunedēru cho ; Karōji Sachiko yaku.
=264  \1$6880-02$aTōkyō :$bHakusuisha,$c2000.
=300  \\$a1 online resource.
=336  \\$atext$btxt$2rdacontent
=337  \\$acomputer$bc$2rdamedia
=338  \\$aonline resource$bcr$2rdacarrier
=490  1\$6880-03$aBunko kuseju ;$v830
=588  \\$aDescription based on print version.
=650  \0$aCosmology.
=650  \0$aExobiology.
=650  \7$aCosmology.$2fast$0(OCoLC)fst00880600
=650  \7$aExobiology.$2fast$0(OCoLC)fst00918219
=700  1\$aRaulin, F.
=700  1\$aRaulin-Cerceau, Florence.
=700  1\$aSchneider, Jean.
=700  1\$6880-04$aKarōji, Sachiko,$d1948-
=730  0\$aBioastronomie.
=773  0\$tJapanKnowledge
=776  08$iPrint version:$tUchū seibutsugaku eno shōtai.
=830  \0$6880-05$aBunko kuseju$v830.
=856  40$3JapanKnowledge$uhttp://japanknowledge.com/lib/display/?lid=8021008300000$yJapanKnowledge Lib
=880  00$6245-01/{dollar}1$a宇宙生物学への招待 /$cフランソワ・ロラン, フロランス・ロラン=セルソー, ジャン・シュネデール著 ; 唐牛幸子訳.
=880  \1$6264-02/{dollar}1$a東京 :$b白水社,$c2000.
=880  1\$6490-03/{dollar}1$a文庫クセジュ ;$v830
=880  1\$6700-04/{dollar}1$a唐牛幸子,$d1948-
=880  \0$6830-05/{dollar}1$a文庫クセジュ ;$v830.
=859  \\$aORR$bJapanKnowledge
=CAT  \\$aW1704-1242$b00$c20170509$lBLL01$h0927
=CAT  \\$aBATCH-UPD$b00$c20170509$lBLL01$h0932
=CAT  \\$aW2003-0365$c20200305$lBLL01$h1101
=FIN  \\$aY$d20170509
=SID  \\$aZ30$bOCLC
=SRC  \\$aJapanKnowledge_2017$bJK_OCLC20170203.mrc
=LAS  \\$aW2003-0365$b00$c20200305$lBLL01$h1101

