=LDR  03087 am a2200757 a 4500
=001  018337959
=003  Uk
=005  20170106042915.0
=006  m\\\\\o\\d\\\\\\\\
=007  cr\un|||||||||
=008  120403s2001\\\\ja\ac\\\o\\\\\001\0\jpn\d
=FMT  \\$a  BK
=020  \\$z4582806848
=020  \\$z9784582806847
=035  \\$a(OCoLC)783313531
=040  \\$aCUS$beng$cCUS$dOCLCQ$dOCLCF$dYUS$dOCLCQ$dOCLCO$dYUS$dOCLCO$dOCLCQ$dYUS$dOCLCO$dUk
=043  \\$aaw-----
=050  \4$aDS61.8$b.M34 2001
=100  1\$6880-01$aMaejima, Shinji,$d1903-
=245  10$6880-02$aShomotsu to tabi Tōzai ōkan /$cMaejima Shinji cho ; Sugita Hideaki hen.
=246  30$6880-03$aTōzai ōkan
=250  \\$6880-04$aShohan.
=260  \\$6880-05$aTōkyō :$bHeibonsha,$c2001.
=300  \\$a1 online resource (493 pages) :$billustrations, portrait.
=336  \\$atext$btxt$2rdacontent
=337  \\$acomputer$bc$2rdamedia
=338  \\$aonline resource$bcr$2rdacarrier
=490  1\$6880-06$aTōyō bunko ;$v684
=490  1\$6880-07$aMaejima Shinji chosakusen ;$v4
=500  \\$aIncludes index.
=588  0\$aPrint version record.
=600  10$6880-08$aMaejima, Shinji,$d1903-$xTravel.
=600  17$aMaejima, Shinji,$d1903-$2fast$0(OCoLC)fst00098476
=650  \7$aStudy skills.$2fast$0(OCoLC)fst01136216
=650  \7$aTravel.$2fast$0(OCoLC)fst01155558
=650  07$6880-09$aChūkintō-Rekishi.$2jlabsh/3
=651  \0$aMiddle East$xStudy and teaching$xHistory.
=651  \7$aMiddle East.$2fast$0(OCoLC)fst01241586
=655  \7$aHistory.$2fast$0(OCoLC)fst01411628
=700  1\$6880-10$aSugita, Hideaki,$d1956-
=773  0\$tJapanKnowledge
=776  08$iPrint version:$aMaejima, Shinji, 1903-$tShomotsu to tabi Tōzai ōkan.$bShohan.$dTōkyō : Heibonsha, 2001$z4582806848
=800  1\$6880-11.$aMaejima, Shinji,$d1903-$tWorks.$kSelections.$f2000 ;$v4.
=830  \0$6880-12$aTōyō bunko$v684.
=856  40$3JapanKnowledge$uhttp://japanknowledge.com/lib/display/?lid=80010V0684P0002$yJapanKnowledge Lib
=880  1\$6100-01/{dollar}1$a前嶋信次,$d1903-
=880  10$6245-02/{dollar}1$a書物と旅東西往還 /$c前嶋信次著 ; 杉田英明編.
=880  30$6246-03/{dollar}1$a東西往還
=880  \\$6250-04/{dollar}1$a初版.
=880  \\$6260-05/{dollar}1$a東京 :$b平凡社,$c2001.
=880  1\$6490-06/{dollar}1$a東洋文庫 ;$v684
=880  1\$6490-07/{dollar}1$a前嶋信次著作選 ;$v4
=880  14$6600-08/{dollar}1$a前嶋信次,$d1903-$xTravel.
=880  07$6650-09/{dollar}1$a中近東-歴史.$2jlabsh/3
=880  1\$6700-10/{dollar}1$a杉田英明,$d1956-
=880  1\$6800-11/{dollar}1$a前嶋信次,$d1903-$tWorks.$kSelections.$f2000 ;$v4.
=880  \0$6830-12/{dollar}1$a東洋文庫 ;$v684.
=859  \\$aORR$bJapanKnowledge
=CAT  \\$aW1704-1242$b00$c20170509$lBLL01$h0927
=CAT  \\$aBATCH-UPD$b00$c20170509$lBLL01$h0932
=CAT  \\$aBATCH-UPD$b00$c20170509$lBLL01$h0939
=CAT  \\$aW2003-0365$c20200305$lBLL01$h1101
=FIN  \\$aY$d20170509
=SID  \\$aZ30$bOCLC
=SRC  \\$aJapanKnowledge_2017$bJK_OCLC20170203.mrc
=LAS  \\$aW2003-0365$b00$c20200305$lBLL01$h1101

