=LDR  02154 am a22005774i 4500
=001  018337960
=003  Uk
=005  20170106042915.0
=006  m\\\\\o\\d\\\\\\\\
=007  cr\|||||||||||
=008  151214s1999\\\\ja\\\\\\o\\\\\000\0\jpn\d
=FMT  \\$a  BK
=020  \\$z4560058121
=020  \\$z9784560058121
=035  \\$a(OCoLC)932129376
=040  \\$aCNEAL$beng$cYUS$dOCLCO$dOCLCF$dOCLCO$dUk$erda$epn
=041  1\$ajpn$hfre
=050  \4$aDG242$b.C66165 1992
=100  1\$aCombet Farnoux, Bernard,$eauthor.
=240  10$aGuerres puniques.$lJapanese
=245  10$6880-01$aPoeni sensō /$cBerunaru Konbe-Farunu cho ; Ishikawa Katsuji yaku.
=264  \1$6880-02$aTōkyō :$bHakusuisha,$c1999.
=300  \\$a1 online resource.
=336  \\$atext$btxt$2rdacontent
=337  \\$acomputer$bc$2rdamedia
=338  \\$aonline resource$bcr$2rdacarrier
=490  1\$6880-03$aBunko kuseju ;$v812
=588  \\$aDescription based on print version.
=650  \0$aPunic wars.
=650  \7$aPunic wars.$2fast$0(OCoLC)fst01084102
=651  \0$aCarthage (Extinct city)$xHistory.
=651  \7$aTunisia$zCarthage (Extinct city)$2fast$0(OCoLC)fst01896920
=655  \7$aHistory.$2fast$0(OCoLC)fst01411628
=700  1\$6880-04$aIshikawa, Katsuji,$d1940-
=773  0\$tJapanKnowledge
=776  08$iPrint version:$tPoeni senso.
=830  \0$6880-05$aBunko kuseju$v812.
=856  40$3JapanKnowledge$uhttp://japanknowledge.com/lib/display/?lid=8021008120000$yJapanKnowledge Lib
=880  10$6245-01/{dollar}1$aポエニ戦争 /$cベルナール・コンベ=ファルヌー著 ; 石川勝二訳.
=880  \1$6264-02/{dollar}1$a東京 :$b白水社,$c1999.
=880  1\$6490-03/{dollar}1$a文庫クセジュ ;$v812
=880  1\$6700-04/{dollar}1$a石川勝二,$d1940-
=880  \0$6830-05/{dollar}1$a文庫クセジュ ;$v812.
=859  \\$aORR$bJapanKnowledge
=CAT  \\$aW1704-1242$b00$c20170509$lBLL01$h0927
=CAT  \\$aBATCH-UPD$b00$c20170509$lBLL01$h0932
=CAT  \\$aW2003-0365$c20200305$lBLL01$h1101
=FIN  \\$aY$d20170509
=SID  \\$aZ30$bOCLC
=SRC  \\$aJapanKnowledge_2017$bJK_OCLC20170203.mrc
=LAS  \\$aW2003-0365$b00$c20200305$lBLL01$h1101

