=LDR  02351 am a2200637 a 4500
=001  018337961
=003  Uk
=005  20170106042915.0
=006  m\\\\\o\\d\\\\\\\\
=007  cr\un|||||||||
=008  120209s1990\\\\ja\a\\\\o\\\\\001\0\jpn\d
=FMT  \\$a  BK
=020  \\$z4582805191
=020  \\$z9784582805192
=035  \\$a(OCoLC)775708735
=040  \\$aCUS$beng$cCUS$dOCLCQ$dCHVBK$dOCLCF$dYUS$dOCLCQ$dOCLCO$dOCLCA$dYUS$dOCLCO$dOCL$dOCLCQ$dYUS$dOCLCO$dUk
=043  \\$aa-ja---
=050  \4$aDS822.2$b.J61 1990
=245  00$6880-01$aJinrin kinmō zui /$cAsakura Haruhiko kōchū.
=250  \\$6880-02$aShohan.
=260  \\$6880-03$aTōkyō :$bHeibonsha,$c1990$g(1994 printing)
=300  \\$a1 online resource (v, 344 pages) :$billustrations.
=336  \\$atext$btxt$2rdacontent
=337  \\$acomputer$bc$2rdamedia
=338  \\$aonline resource$bcr$2rdacarrier
=490  1\$6880-04$aTōyō bunko ;$v519
=500  \\$aIncludes index.
=588  0\$aPrint version record.
=648  \7$a1600-1868$2fast
=650  \7$aBrauchtum$2gnd
=650  \7$aEdo-Zeit$2gnd
=650  \7$aManners and customs.$2fast$0(OCoLC)fst01007815
=651  \0$aJapan$xSocial life and customs$y1600-1868.
=651  \7$aJapan.$2fast$0(OCoLC)fst01204082
=651  \7$aJapan.$2gnd
=700  1\$6880-05$aAsakura, Haruhiko,$d1924-2013
=773  0\$tJapanKnowledge
=776  08$iPrint version:$tJinrin kinmō zui.$bShohan.$dTōkyō : Heibonsha, 1990$z4582805191
=830  \0$6880-06$aTōyō bunko$v519.
=856  40$3JapanKnowledge$uhttp://japanknowledge.com/lib/display/?lid=80010V0519P0002$yJapanKnowledge Lib
=880  00$6245-01/{dollar}1$a人倫訓蒙図彙 /$c朝倉治彦校注.
=880  \\$6250-02/{dollar}1$a初版.
=880  \\$6260-03/{dollar}1$a東京 :$b平凡社,$c1990$g(1994 printing)
=880  1\$6490-04/{dollar}1$a東洋文庫 ;$v519
=880  1\$6700-05/{dollar}1$a朝倉治彦,$d1924-
=880  \0$6830-06/{dollar}1$a東洋文庫 ;$v519.
=859  \\$aORR$bJapanKnowledge
=CAT  \\$aW1704-1242$b00$c20170509$lBLL01$h0927
=CAT  \\$aBATCH-UPD$b00$c20170509$lBLL01$h0932
=CAT  \\$aW2003-0365$c20200305$lBLL01$h1101
=FIN  \\$aY$d20170509
=SID  \\$aZ30$bOCLC
=SRC  \\$aJapanKnowledge_2017$bJK_OCLC20170203.mrc
=029  1\$aCHBIS$b009900834
=029  1\$aCHVBK$b199351236
=LAS  \\$aW2003-0365$b00$c20200305$lBLL01$h1101

