=LDR  02084 am a22005654i 4500
=001  018337962
=003  Uk
=005  20170106042915.0
=006  m\\\\\o\\d\\\\\\\\
=007  cr\|||||||||||
=008  151113s1997\\\\ja\\\\\\o\\\\\000\0\jpn\d
=FMT  \\$a  BK
=020  \\$z4560057931
=020  \\$z9784560057933
=035  \\$a(OCoLC)929030598
=040  \\$aYUS$beng$cYUS$dYUS$dOCLCO$dOCLCF$dUk$erda$epn
=041  1\$ajpn$hfre
=043  \\$ae-fr---
=245  00$6880-01$aFuransu shūkyōshi /$cGuzavie Do Monkuro [cho] ; Hagii Jun'ichi yaku.
=264  \1$6880-02$aTōkyō :$bHakusuisha,$c1997.
=300  \\$a1 online resource.
=336  \\$atext$btxt$2rdacontent
=337  \\$acomputer$bc$2rdamedia
=338  \\$aonline resource$bcr$2rdacarrier
=490  1\$6880-03$aBunko kuseju ;$v793
=588  \\$aDescription based on print version.
=650  \7$aReligion.$2fast$0(OCoLC)fst01093763
=651  \0$aFrance$xReligion.
=651  \7$aFrance.$2fast$0(OCoLC)fst01204289
=700  1\$6880-04$aHagii, Junʾichi,$d1937-
=700  1\$aMontclos, Xavier de.
=730  0\$aHistoire religieuse de la France.
=773  0\$tJapanKnowledge
=776  08$iPrint version:$tFuransu shūkyōshi.
=830  \0$6880-05$aBunko kuseju$v793.
=856  40$3JapanKnowledge$uhttp://japanknowledge.com/lib/display/?lid=8021007930000$yJapanKnowledge Lib
=880  00$6245-01/{dollar}1$aフランス宗敎史 /$cグザヴィエ・ド・モンクロ [著] ; 波木居純一訳.
=880  \1$6264-02/{dollar}1$a東京 :$b白水社,$c1997.
=880  1\$6490-03/{dollar}1$a文庫クセジュ ;$v793
=880  1\$6700-04/{dollar}1$a波木居純一,$d1937-
=880  \0$6830-05/{dollar}1$a文庫クセジュ ;$v793.
=859  \\$aORR$bJapanKnowledge
=CAT  \\$aW1704-1242$b00$c20170509$lBLL01$h0927
=CAT  \\$aBATCH-UPD$b00$c20170509$lBLL01$h0932
=CAT  \\$aBATCH-UPD$b00$c20170509$lBLL01$h0939
=CAT  \\$aW2003-0365$c20200305$lBLL01$h1101
=FIN  \\$aY$d20170509
=SID  \\$aZ30$bOCLC
=SRC  \\$aJapanKnowledge_2017$bJK_OCLC20170203.mrc
=LAS  \\$aW2003-0365$b00$c20200305$lBLL01$h1101

