=LDR  02301 am a22005777a 4500
=001  018337963
=003  Uk
=005  20170106042916.0
=006  m\\\\\o\\d\\\\\\\\
=007  cr\|||||||||||
=008  100712s1998\\\\ja\a\\\\obd\\\000\0\jpn\d
=FMT  \\$a  BK
=020  \\$z4767434564
=020  \\$z9784767434568
=035  \\$a(OCoLC)647023753
=040  \\$aOCLCE$beng$cOCLCE$dOCLCQ$dOCLCO$dOCLCF$dOCLCO$dYUS$dOCLCO$dOCLCQ$dUk$epn
=041  0\$ajpn$aeng
=042  \\$adlr
=050  \4$aQ123$b.R49 1998
=245  00$6880-01$aRikagaku Ei-Wa jiten =$bAn English-Japanese dictionary of physical sciences /$chenshū Oda Minoru [and others].
=246  31$aEnglish-Japanese dictionary of physical sciences
=250  \\$6880-02$aShohan.
=260  \\$6880-03$aTōkyō :$bKenkyūsha,$c1998.
=300  \\$a1 online resource (xiii, 1182 pages) :$billustrations
=336  \\$atext$btxt$2rdacontent
=337  \\$acomputer$bc$2rdamedia
=338  \\$aonline resource$bcr$2rdacarrier
=504  \\$aIncludes bibliographical references (page 1177).
=588  0\$aPrint version record.
=650  \0$aScience$vDictionaries$xJapanese.
=650  \0$aEnglish language$vDictionaries$xJapanese.
=650  \7$aEnglish language.$2fast$0(OCoLC)fst00910920
=650  \7$aScience.$2fast$0(OCoLC)fst01108176
=655  \7$aDictionaries.$2fast$0(OCoLC)fst01423826
=700  1\$6880-04$aOda, Minoru,$d1923-
=773  0\$tJapanKnowledge
=776  08$iPrint version:$tRikagaku Ei-Wa jiten.$bShohan.$dTōkyō : Kenkyūsha, 1998
=856  40$3JapanKnowledge$uhttp://japanknowledge.com/lib/search/basic/?cids=40100$yJapanKnowledge Lib
=880  00$6245-01/{dollar}1$a理化学英和辞典 =$bAn English-Japanese dictionary of physical sciences /$c編集小田稔 [and others].
=880  \\$6250-02/{dollar}1$a初版.
=880  \\$6260-03/{dollar}1$a東京 :$b研究社,$c1998.
=880  1\$6700-04/{dollar}1$a小田稔,$d1923-
=859  \\$aORR$bJapanKnowledge
=CAT  \\$aW1704-1242$b00$c20170509$lBLL01$h0927
=CAT  \\$aBATCH-UPD$b00$c20170509$lBLL01$h0932
=CAT  \\$aBATCH-UPD$b00$c20170509$lBLL01$h0939
=CAT  \\$aW2003-0365$c20200305$lBLL01$h1101
=FIN  \\$aY$d20170509
=SID  \\$aZ30$bOCLC
=SRC  \\$aJapanKnowledge_2017$bJK_OCLC20170203.mrc
=LAS  \\$aW2003-0365$b00$c20200305$lBLL01$h1101

