=LDR  02135 am a22005414i 4500
=001  018337964
=003  Uk
=005  20170106042916.0
=006  m\\\\\o\\d\\\\\\\\
=007  cr\|||||||||||
=008  151113s1983\\\\ja\\\\\\ob\\\\000\0\jpn\d
=FMT  \\$a  BK
=035  \\$a(OCoLC)929029069
=040  \\$aWTU$beng$cYUS$dOCLCO$dYUS$dOCLCO$dOCLCF$dUk$erda$epn
=041  1\$ajpn$hfre
=100  10$aBensadon, Ney,$eauthor.
=240  10$aLes droits de la femme.$lJapanese
=245  10$6880-01$aJosei no kenri :$bsono rekishi to genjō /$cNē Bansadon cho ; Ikeda Setsuo yaku.
=264  \1$6880-02$aTōkyō :$bHakusuisha,$c1983.
=300  \\$a1 online resource.
=336  \\$atext$btxt$2rdacontent
=337  \\$acomputer$bc$2rdamedia
=338  \\$aonline resource$bcr$2rdacarrier
=490  1\$6880-03$aBunko kuseju ;$v654
=504  \\$aIncludes bibliographical references.
=588  \\$aDescription based on print version.
=650  \0$aWomen$xLegal status, laws, etc.
=650  \7$aWomen$xLegal status, laws, etc.$2fast$0(OCoLC)fst01176824
=700  1\$6880-04,$aIkeda, Setsuo,$d1943-$etranslator.
=700  1\$iTranslation of:$aBensadon, Ney.$tLes droits de la femme.
=773  0\$tJapanKnowledge
=776  08$iPrint version:$tJosei no kenri
=830  \0$6880-05$aBunko kuseju$v654.
=856  40$3JapanKnowledge$uhttp://japanknowledge.com/lib/display/?lid=8021006540000$yJapanKnowledge Lib
=880  10$6245-01$a女性の権利 :$bその歴史と現状 /$cネー・バンサドン著 ; 池田節雄訳.
=880  \1$6264-02$a東京 :$b白水社,$c1983.
=880  1\$6490-03$a文庫クセジュ ;$v654
=880  1\$6700-04$a池田節雄,$d1943-$etranslator.
=880  \0$6830-05$a文庫クセジュ ;$v654.
=859  \\$aORR$bJapanKnowledge
=CAT  \\$aW1704-1242$b00$c20170509$lBLL01$h0927
=CAT  \\$aBATCH-UPD$b00$c20170509$lBLL01$h0932
=CAT  \\$aBATCH-UPD$b00$c20170509$lBLL01$h0939
=CAT  \\$aW2003-0365$c20200305$lBLL01$h1101
=FIN  \\$aY$d20170509
=SID  \\$aZ30$bOCLC
=SRC  \\$aJapanKnowledge_2017$bJK_OCLC20170203.mrc
=LAS  \\$aW2003-0365$b00$c20200305$lBLL01$h1101

