=LDR  02386 am a22006134i 4500
=001  018337965
=003  Uk
=005  20170106042916.0
=006  m\\\\\o\\d\\\\\\\\
=007  cr\|||||||||||
=008  151214s1960\\\\ja\\\\\\ob\\\\000\0\jpn\d
=FMT  \\$a  BK
=035  \\$a(OCoLC)932129315
=040  \\$aCNEAL$beng$cYUS$dOCLCO$dOCLCF$dUk$erda$epn
=041  1\$ajpn$hfre
=050  \4$aQH527$b.R45165 1960
=100  1\$aReinberg, Alain,$eauthor.
=240  10$aRythmes et cycles biologiques.$lJapanese
=245  10$6880-01$aSeimei no rizumu /$cAran Renbēru, Jan Gātā kyōcho ; Matsuoka Yoshitaka, Matsuoka Keiko kyōyaku.
=264  \1$6880-02$aTōkyō :$bHakusuisha,$c1960.
=300  \\$a1 online resource.
=336  \\$atext$btxt$2rdacontent
=337  \\$acomputer$bc$2rdamedia
=338  \\$aonline resource$bcr$2rdacarrier
=490  1\$6880-03$aBunko kuseju ;$v280
=500  \\$aTranslation of: Rythmes et cycles biologiques.
=504  \\$aIncludes bibliographical references.
=588  \\$aDescription based on print version.
=650  \0$aBiological rhythms.
=650  \0$aLife cycles (Biology)
=650  \7$aBiological rhythms.$2fast$0(OCoLC)fst00832316
=650  \7$aLife cycles (Biology)$2fast$0(OCoLC)fst00998265
=700  1\$aGhata, J.
=700  1\$6880-04$aMatsuoka, Yoshitaka.
=700  1\$6880-05$aMatsuoka, Keiko,$d1935-
=730  0\$aRythmes et cycles biologiques.
=773  0\$tJapanKnowledge
=776  08$iPrint version:$tSeimei no rizumu.
=830  \0$6880-06$aBunko kuseju$v280.
=856  40$3JapanKnowledge$uhttp://japanknowledge.com/lib/display/?lid=8021002800000$yJapanKnowledge Lib
=880  10$6245-01/{dollar}1$a生命のリズム /$cアラン・レンベール, ジャン・ガーター共著 ; 松岡芳隆, 松岡慶子共訳.
=880  \1$6264-02/{dollar}1$a東京 :$b白水社,$c1960.
=880  1\$6490-03/{dollar}1$a文庫クセジュ ;$v280
=880  1\$6700-04/{dollar}1$a松岡芳隆.
=880  1\$6700-05/{dollar}1$a松岡慶子,$d1935-
=880  \0$6830-06/{dollar}1$a文庫クセジュ ;$v280.
=859  \\$aORR$bJapanKnowledge
=CAT  \\$aW1704-1242$b00$c20170509$lBLL01$h0927
=CAT  \\$aBATCH-UPD$b00$c20170509$lBLL01$h0932
=CAT  \\$aW2003-0365$c20200305$lBLL01$h1101
=FIN  \\$aY$d20170509
=SID  \\$aZ30$bOCLC
=SRC  \\$aJapanKnowledge_2017$bJK_OCLC20170203.mrc
=LAS  \\$aW2003-0365$b00$c20200305$lBLL01$h1101

