=LDR  02196 am a22005894i 4500
=001  018337966
=003  Uk
=005  20170106042917.0
=006  m\\\\\o\\d\\\\\\\\
=007  cr\|||||||||||
=008  151112s1997\\\\ja\\\\\\ob\\\\000\0\jpn\d
=FMT  \\$a  BK
=020  \\$z4560050252
=020  \\$z9784560050255
=035  \\$a(OCoLC)928950246
=040  \\$aYUS$beng$cYUS$dOCLCO$dYUS$dOCLCO$dUk$erda$epn
=041  1\$ajpn$hfre
=050  \4$aHX266$b.L52616 1997
=100  1\$aLefebvre, Henri,$d1905-$eauthor
=240  10$aMarxisme.$lJapanese
=245  10$6880-01$aMarukusu shugi /$cAnri Rufēvuru cho ; Takeuchi Yoshitomo yaku.
=246  1\$6880-02$iTitle on cover p. [1]:$aKaiyaku Marukusu shugi
=264  \1$6880-03$aTōkyō :$bHakusuisha,$c1997.
=300  \\$a1 online resource.
=336  \\$atext$btxt$2rdacontent
=337  \\$acomputer$bc$2rdamedia
=338  \\$aonline resource$bcr$2rdacarrier
=490  1\$6880-04$aBunko kuseju ;$v25
=500  \\$aTranslation of: Le marxisme.
=504  \\$aIncludes bibliographical references (pages 142-144).
=588  \\$aDescription based on print version.
=650  \0$aSocialism.
=650  \7$aSocialism.$2fast$0(OCoLC)fst01123637
=700  1\$6880-05$aTakeuchi, Yoshitomo,$d1919-1991
=773  0\$tJapanKnowledge
=776  08$iPrint version:$tMarukusu shugi
=830  \0$6880-06$aBunko kuseju$v25.
=856  40$3JapanKnowledge$uhttp://japanknowledge.com/lib/display/?lid=8021000250000$yJapanKnowledge Lib
=880  10$6245-01$aマルクス主義 /$cアンリ・ルフェーヴル著 ; 竹內良知譯.
=880  1\$6246-02$iTitle on cover p. [1]:$a改訳マルクス主義
=880  \1$6264-03$a東京 :$b白水社,$c1997.
=880  1\$6490-04$a文庫クセジュ ;$v25
=880  1\$6700-05$a竹內良知,$d1919-
=880  \0$6830-06$a文庫クセジュ ;$v25.
=859  \\$aORR$bJapanKnowledge
=CAT  \\$aW1704-1242$b00$c20170509$lBLL01$h0927
=CAT  \\$aBATCH-UPD$b00$c20170509$lBLL01$h0932
=CAT  \\$aW2003-0365$c20200305$lBLL01$h1101
=FIN  \\$aY$d20170509
=SID  \\$aZ30$bOCLC
=SRC  \\$aJapanKnowledge_2017$bJK_OCLC20170203.mrc
=LAS  \\$aW2003-0365$b00$c20200305$lBLL01$h1101

