=LDR  02317cam a22006254i 4500
=001  018337967
=003  Uk
=005  20170106042917.0
=006  m\\\\\o\\d\\\\\\\\
=007  cr\|||||||||||
=008  151214s1991\\\\ja\\\\\\ob\\\\000\0\jpn\d
=FMT  \\$a  BK
=020  \\$z4560057230
=020  \\$z9784560057230
=035  \\$a(OCoLC)932129362
=040  \\$aCNEAL$beng$cYUS$dOCLCO$dOCLCF$dUk$erda$epn
=041  1\$ajpn$hfre
=050  \4$aBL1202$b.R46165 1991
=100  1\$aRenou, Louis,$d1896-1966,$eauthor.
=240  10$aHindouisme.$lJapanese
=245  10$6880-01$aIndokyō /$cRui Runū [cho] ; Watanabe Shōkō, Mita Minoru kyōyaku.
=264  \1$6880-02$aTōkyō :$bHakusuisha,$c1991.
=300  \\$a1 online resource.
=336  \\$atext$btxt$2rdacontent
=337  \\$acomputer$bc$2rdamedia
=338  \\$aonline resource$bcr$2rdacarrier
=490  1\$6880-03$aBunko kuseju ;$v723
=500  \\$aTranslation of: L'hindouisme.
=504  \\$aIncludes bibliographical references.
=588  \\$aDescription based on print version.
=650  \0$aHinduism.
=650  \7$aHinduism.$2fast$0(OCoLC)fst00957121
=700  1\$6880-04$aWatanabe, Shōkō,$d1907-1977
=700  1\$6880-05$aMita, Minoru,$d1929-
=730  0\$aPatrimoines (Editions du Cerf).$pHindouisme.
=773  0\$tJapanKnowledge
=776  08$iPrint version:$tIndokyō.
=830  \0$6880-06$aBunko kuseju$v723.
=856  40$3JapanKnowledge$uhttp://japanknowledge.com/lib/display/?lid=8021007230000$yJapanKnowledge Lib
=880  10$6245-01/{dollar}1$aインド敎 /$cルイ・ルヌー[著] ; 渡辺照宏, 美田稔共訳.
=880  \1$6264-02/{dollar}1$a東京 :$b白水社,$c1991.
=880  1\$6490-03/{dollar}1$a文庫クセジュ ;$v723
=880  1\$6700-04/{dollar}1$a渡辺照宏,$d1907-1977.
=880  1\$6700-05/{dollar}1$a美田稔,$d1929-
=880  \0$6830-06/{dollar}1$a文庫クセジュ ;$v723.
=859  \\$aORR$bJapanKnowledge
=CAT  \\$aW1704-1242$b00$c20170509$lBLL01$h0927
=CAT  \\$aBATCH-UPD$b00$c20170509$lBLL01$h0932
=CAT  \\$aW2003-0365$c20200305$lBLL01$h1101
=CAT  \\$a4039$b40$c20221114$lBLL01$h1436
=CAT  \\$aBATCH-UPD$b40$c20221114$lBLL01$h1436
=FIN  \\$aY$d20170509
=SID  \\$aZ30$bOCLC
=SRC  \\$aJapanKnowledge_2017$bJK_OCLC20170203.mrc
=LAS  \\$aBATCH-UPD$b40$c20221114$lBLL01$h1436

