=LDR  02359 am a22006014i 4500
=001  018337968
=003  Uk
=005  20170106042917.0
=006  m\\\\\o\\d\\\\\\\\
=007  cr\|||||||||||
=008  160115s2008\\\\ja\\\\\\ob\\\\000\0\jpn\d
=FMT  \\$a  BK
=020  \\$z9784560509289
=020  \\$z456050928X
=035  \\$a(OCoLC)934799009
=040  \\$aWTU$beng$cYUS$dOCLCO$dYUS$dOCLCO$dOCLCF$dUk$erda$epn
=100  1\$aPetit, Paul,$eauthor.
=240  10$aCivilisation hellénistique.$lJapanese
=245  10$6880-01$aHerenizumu bunmei :$bChichūkai toshi no rekishi to bunka /$cP. Puti, A. Rarondo cho ; Kitano Tōru yaku.
=264  \1$6880-02$aTōkyō :$bHakusuisha,$c2008.
=300  \\$a1 online resource.
=336  \\$atext$btxt$2rdacontent
=337  \\$acomputer$bc$2rdamedia
=338  \\$aonline resource$bcr$2rdacarrier
=490  1\$6880-03$aBunko kuseju ;$v928
=504  \\$aIncludes bibliographical references.
=588  \\$aDescription based on print version.
=648  \7$aTo 146 B.C.$2fast
=650  \0$aHellenism.
=650  \7$aCivilization.$2fast$0(OCoLC)fst00862898
=650  \7$aHellenism.$2fast$0(OCoLC)fst00954758
=651  \0$aGreece$xCivilization$yTo 146 B.C.
=651  \7$aGreece.$2fast$0(OCoLC)fst01208380
=700  1\$aLaronde, André,$eauthor.
=700  1\$6880-04$aKitano, Tōru,$d1937-$etranslator.
=700  1\$iTranslation of:$aPetit, Paul.$tLa civilisation hellénistique.
=773  0\$tJapanKnowledge
=776  08$iPrint version:$tHerenizumu bunmei.
=830  \0$6880-05$aBunko kuseju$v928.
=856  40$3JapanKnowledge$uhttp://japanknowledge.com/lib/display/?lid=8021009280000$yJapanKnowledge Lib
=880  10$6245-01$aヘレニズム文明 :$b地中海都市の歴史と文化 /$cP.プティ, A.ラロンド著 ; 北野徹訳.
=880  \1$6264-02$a東京 :$b白水社,$c2008.
=880  1\$6490-03$a文庫クセジュ ;$v928
=880  1\$6700-04$a北野徹,$d1937-$etranslator.
=880  \0$6830-05$a文庫クセジュ ;$v928.
=859  \\$aORR$bJapanKnowledge
=CAT  \\$aW1704-1242$b00$c20170509$lBLL01$h0927
=CAT  \\$aBATCH-UPD$b00$c20170509$lBLL01$h0932
=CAT  \\$aW2003-0365$c20200305$lBLL01$h1101
=FIN  \\$aY$d20170509
=SID  \\$aZ30$bOCLC
=SRC  \\$aJapanKnowledge_2017$bJK_OCLC20170203.mrc
=LAS  \\$aW2003-0365$b00$c20200305$lBLL01$h1101

