=LDR  02311 am a22005774i 4500
=001  018337969
=003  Uk
=005  20170106042918.0
=006  m\\\\\o\\d\\\\\\\\
=007  cr\|||||||||||
=008  151113s1979\\\\ja\\\\\\ob\\\\000\0\jpn\d
=FMT  \\$a  BK
=035  \\$a(OCoLC)929029018
=040  \\$aWTU$beng$cYUS$dOCLCO$dYUS$dOCLCO$dOCLCF$dUk$erda$epn
=041  1\$ajpn$hfre
=100  1\$aBourdon, Albert-Alain,$eauthor.
=240  10$aHistoire du portugal.$lJapanese
=245  10$6880-01$aPorutogaru shi /$cArubēru-Aran Būrudon cho ; Fukushima Masanori, Hirota Masatoshi kyōyaku.
=264  \1$6880-02$aTōkyō :$bHakusuisha,$c1979.
=300  \\$a1 online resource.
=336  \\$atext$btxt$2rdacontent
=337  \\$acomputer$bc$2rdamedia
=338  \\$aonline resource$bcr$2rdacarrier
=490  1\$6880-03$aBunko kuseju ;$v629
=504  \\$aIncludes bibliographical references.
=588  \\$aDescription based on print version.
=651  \0$aPortugal$xHistory.
=651  \7$aPortugal.$2fast$0(OCoLC)fst01208476
=655  \7$aHistory.$2fast$0(OCoLC)fst01411628
=700  1\$6880-04,$aFukushima, Masanori,$d1931-2008$etranslator.
=700  1\$6880-05$aHirota, Masatoshi,$etranslator.
=700  1\$iTranslation of:$aBourdon, Albert-Alain.$tHistoire du portugal.
=773  0\$tJapanKnowledge
=776  08$iPrint version:$tPorutogarushi
=830  \0$6880-06$aBunko kuseju$v629.
=856  40$3JapanKnowledge$uhttp://japanknowledge.com/lib/display/?lid=8021006290000$yJapanKnowledge Lib
=880  10$6245-01$aポルトガル史 /$cアルベール=アラン・ブールドン著 ; 福嶋正徳, 広田正敏共訳.
=880  \1$6264-02$a東京 :$b白水社,$c1979.
=880  1\$6490-03$a文庫クセジュ ;$v629
=880  1\$6700-04$a福嶋正徳,$d1931-2008,$etranslator.
=880  1\$6700-05$a広田正敏,$etranslator.
=880  \0$6830-06$a文庫クセジュ ;$v629.
=859  \\$aORR$bJapanKnowledge
=CAT  \\$aW1704-1242$b00$c20170509$lBLL01$h0927
=CAT  \\$aBATCH-UPD$b00$c20170509$lBLL01$h0932
=CAT  \\$aBATCH-UPD$b00$c20170509$lBLL01$h0939
=CAT  \\$aW2003-0365$c20200305$lBLL01$h1101
=FIN  \\$aY$d20170509
=SID  \\$aZ30$bOCLC
=SRC  \\$aJapanKnowledge_2017$bJK_OCLC20170203.mrc
=LAS  \\$aW2003-0365$b00$c20200305$lBLL01$h1101

