=LDR  02632 am a22006497  4500
=001  018337970
=003  Uk
=005  20170106042918.0
=006  m\\\\\o\\d\\\\\\\\
=007  cr\|||||||||||
=008  100608s1970\\\\ja\\\\\\ob\\\\000\0bjpn\d
=FMT  \\$a  BK
=019  \\$a300616654
=035  \\$a(OCoLC)639404261$z(OCoLC)300616654
=040  \\$aOCLCE$beng$cOCLCE$dOCLCQ$dOCLCO$dOCLCQ$dCUS$dOCLCF$dYUS$dOCLCO$dYUS$dOCLCO$dOCL$dOCLCQ$dYUS$dOCLCO$dUk$epn
=041  1\$ajpn$hfre
=042  \\$adlr
=043  \\$aa-cc---
=050  \4$aDS754.4.C53$bB616
=100  1\$aBouvet, Joachim,$d1656-1730.
=240  10$aHistoire de l'empereur de la Chine.$lJapanese
=245  10$6880-01$aKōki Tei den$cBuv̄e cho, Gotō Sueo yaku, Yazawa Toshihiko kōchū.
=260  \\$6880-02$aTōkyō,$bHeibonsha,$cShōwa 45 [1970]
=300  \\$a1 online resource (246 pages).
=336  \\$atext$btxt$2rdacontent
=337  \\$acomputer$bc$2rdamedia
=338  \\$aonline resource$bcr$2rdacarrier
=490  1\$6880-03$aTōyō bunko,$v155
=504  \\$aIncludes bibliographical references.
=588  0\$aPrint version record.
=600  00$6880-04$aKangxi,$cEmperor of China,$d1654-1722
=600  07$aKangxi,$cEmperor of China,$d1654-1722$2fast$0(OCoLC)fst00079946
=648  \7$a1662-1722$2fast
=651  \0$aChina$xHistory$yKangxi, 1662-1722.
=651  \7$aChina.$2fast$0(OCoLC)fst01206073
=655  \7$aHistory.$2fast$0(OCoLC)fst01411628
=773  0\$tJapanKnowledge
=776  08$iPrint version:$aBouvet, Joachim, 1656-1730.$sHistoire de l'empereur de la Chine. Japanese.$tKōki Tei den.$dTōkyō, Heibonsha, Shōwa 45 [1970]
=830  \0$6880-05$aTōyō bunko$v155.
=856  40$3JapanKnowledge$uhttp://japanknowledge.com/lib/display/?lid=80010V0155P0002$yJapanKnowledge Lib
=880  10$6245-01/{dollar}1$a康熙帝伝,$cブーヴェ著, 後藤末雄訳, 矢沢利彥校注.
=880  \\$6260-02/{dollar}1$a東京,$b平凡社,$c昭和45 [1970]
=880  \\$6250-00/{dollar}1$a初版.
=880  1\$6490-03/{dollar}1$a東洋文庫,$v155
=880  04$6600-04/{dollar}1$a康熙,$cEmperor of China,$d1654-1722.
=880  1\$6700-00/{dollar}1$a後藤末雄,$d1886-
=880  1\$6700-00/{dollar}1$a矢沢利彦,$d1914-
=880  0\$6740-00/{dollar}1$a康熙帝伝.
=880  \0$6830-05/{dollar}1$a東洋文庫 ;$v155.
=859  \\$aORR$bJapanKnowledge
=CAT  \\$aW1704-1242$b00$c20170509$lBLL01$h0927
=CAT  \\$aBATCH-UPD$b00$c20170509$lBLL01$h0932
=CAT  \\$aW2003-0365$c20200305$lBLL01$h1101
=FIN  \\$aY$d20170509
=SID  \\$aZ30$bOCLC
=SRC  \\$aJapanKnowledge_2017$bJK_OCLC20170203.mrc
=LAS  \\$aW2003-0365$b00$c20200305$lBLL01$h1101

