=LDR  03064 am a22007697a 4500
=001  018337971
=003  Uk
=005  20170106042918.0
=006  m\\\\\o\\d\\\\\\\\
=007  cr\|||||||||||
=008  110925m19971998ja\ab\\\ob\\\\000\0\jpn\d
=FMT  \\$a  BK
=019  \\$a928950588
=020  \\$z4096580589$q(v. 1)
=020  \\$z9784096580585$q(v. 1)
=020  \\$z4096580597$q(v. 2)
=020  \\$z9784096580592$q(v. 2)
=020  \\$z9784096580589
=035  \\$a(OCoLC)754551110$z(OCoLC)928950588
=040  \\$aOCLCE$beng$cOCLCE$dOCLCA$dOCLCQ$dOCLCO$dOCLCQ$dOCLCF$dYUS$dOCLCO$dOCLCQ$dYUS$dOCLCO$dUk$epn
=043  \\$aa-ja---
=050  \4$aPL765$b.Y659 1997
=084  \\$a918$2njb/9
=245  00$6880-01$aYōkyokushū /$ckōchū, yaku Koyama Hiroshi, Satō Ken'ichirō.
=250  \\$6880-02$aDai 1-han.
=260  \\$6880-03$aTōkyō :$bShōgakkan,$c1997-1998.
=300  \\$a1 online resource (2 volumes) :$billustrations, map.
=336  \\$atext$btxt$2rdacontent
=337  \\$acomputer$bc$2rdamedia
=338  \\$aonline resource$bcr$2rdacarrier
=490  1\$6880-04$aShinpen Nihon koten bungaku zenshū ;$v58-59
=500  \\$6880-05$aFuroku yōgo ichiran: p. 545-558, v. 1.
=500  \\$6880-06$aKeisai kyokumoku ichiran: p. 622, v. 2.
=504  \\$aIncludes bibliographical references.
=588  0\$aPrint version record.
=650  \0$aNō plays.
=650  \0$aUtai.
=650  \7$aNō plays.$2fast$0(OCoLC)fst01042537
=650  \7$aUtai.$2fast$0(OCoLC)fst01163268
=655  \4$aAnthologie.
=700  1\$6880-07$aKoyama, Hiroshi,$d1921-
=700  1\$6880-08$aSatō, Ken'ichirō,$d1936-
=773  0\$tJapanKnowledge
=776  08$iPrint version:$tYōkyokushū.$bDai 1-han.$dTōkyō : Shōgakkan, 1997-1998
=830  \0$6880-09$aShinpen Nihon koten bungaku zenshū$v58-59.
=856  40$3JapanKnowledge$uhttp://japanknowledge.com/lib/display/?lid=80110V00580001$yJapanKnowledge Lib
=880  00$6245-01/{dollar}1$a謡曲集 /$c校注・訳小山弘志, 佐藤健一郎.
=880  \\$6250-02/{dollar}1$a第1版.
=880  \\$6260-03/{dollar}1$a東京 :$b小学館,$c1997-1998.
=880  \1$6264-00/{dollar}1$a東京 :$b小学館,$c1997-1998.
=880  1\$6490-04/{dollar}1$a新編日本古典文学全集 ;$v58-59
=880  \\$6500-05/{dollar}1$a付錄用語一覧: p. 545-558, v. 1.
=880  \\$6500-06/{dollar}1$a掲載曲目一覧: p. 622, v. 2.
=880  1\$6700-07/{dollar}1$a小山弘志,$d1921-
=880  1\$6700-08/{dollar}1$a佐藤健一郎,$d1936-
=880  \0$6830-00/{dollar}1$a新編日本古典文学全集 ;$v58, etc.
=880  \0$6830-09/{dollar}1$a新編日本古典文学全集 ;$v58-59.
=859  \\$aORR$bJapanKnowledge
=CAT  \\$aW1704-1242$b00$c20170509$lBLL01$h0927
=CAT  \\$aBATCH-UPD$b00$c20170509$lBLL01$h0932
=CAT  \\$aBATCH-UPD$b00$c20170509$lBLL01$h0939
=CAT  \\$aW2003-0365$c20200305$lBLL01$h1101
=CAT  \\$aBATCH-UPD$b00$c20200918$lBLL01$h2045
=FIN  \\$aY$d20170509
=SID  \\$aZ30$bOCLC
=SRC  \\$aJapanKnowledge_2017$bJK_OCLC20170203.mrc
=LAS  \\$aBATCH-UPD$b00$c20200918$lBLL01$h2045

