=LDR  02950 am a22006977a 4500
=001  018337972
=003  Uk
=005  20170106042919.0
=006  m\\\\\o\\d\\\\\\\\
=007  cr\|||||||||||
=008  100630s1972\\\\ja\a\\\\o\\\\\000\0cjpn\d
=FMT  \\$a  BK
=019  \\$a300753815
=035  \\$a(OCoLC)645377993$z(OCoLC)300753815
=040  \\$aOCLCE$beng$cOCLCE$dOCLCQ$dOCLCO$dCUS$dOCLCF$dOCLCO$dOCL$dOCLCO$dYUS$dOCLCO$dYUS$dOCLCO$dOCL$dOCLCO$dOCLCQ$dYUS$dOCLCO$dUk$epn
=042  \\$adlr
=043  \\$aa-ja---
=050  \4$aCT1835$b.B36 1972
=100  1\$6880-01$aBan, Kōkei,$d1733-1806
=245  10$6880-02$aKinsei kijin den, Zoku Kinsei kijin den /$cBan Kōkei, Miguma Katen [cho] ; Munemasa Isoo kōchū.
=250  \\$6880-03$aShohan.
=260  \\$6880-04$aTōkyō :$bHeibonsha,$cShōwa 47 [1972]
=300  \\$a1 online resource (512 pages) :$billustrations.
=336  \\$atext$btxt$2rdacontent
=337  \\$acomputer$bc$2rdamedia
=338  \\$aonline resource$bcr$2rdacarrier
=490  1\$6880-05$aTōyō bunko ;$v202
=588  0\$aPrint version record.
=648  \7$a1600-1868$2fast
=650  \0$aEccentrics and eccentricities.
=650  \7$aEccentrics and eccentricities.$2fast$0(OCoLC)fst00901271
=651  \0$aJapan$vBiography.
=651  \0$aJapan$xHistory$yTokugawa period, 1600-1868$vBiography.
=651  \7$aJapan.$2fast$0(OCoLC)fst01204082
=655  \7$aBiography.$2fast$0(OCoLC)fst01423686
=655  \7$aHistory$2fast$0(OCoLC)fst01411628
=700  1\$6880-06$aMunemasa, Isoo,$d1929-2003
=700  12$6880-07.$aMikuma, Katen,$d1730-1794$tZoku Kinsei kijin den.$f1972.
=740  02$6880-08$aZoku Kinsei kijin den.
=773  0\$tJapanKnowledge
=776  08$iPrint version:$aBan, Kōkei, 1733-1806.$tKinsei kijin den, Zoku Kinsei kijin den.$bShohan.$dTōkyō : Heibonsha, Shōwa 47 [1972]
=830  \0$6880-09$aTōyō bunko$v202.
=856  40$3JapanKnowledge$uhttp://japanknowledge.com/lib/display/?lid=80010V0202P0002$yJapanKnowledge Lib
=880  1\$6100-01/{dollar}1$a伴蒿蹊,$d1733-1806.
=880  10$6245-02/{dollar}1$a近世畸人伝, 続近世畸人伝 /$c伴蒿蹊, 三熊花顚 [著] ; 宗政五十緖校注.
=880  \\$6250-03/{dollar}1$a初版.
=880  \\$6260-04/{dollar}1$a東京 :$b平凡社,$c昭和 47 [1972]
=880  1\$6490-05/{dollar}1$a東洋文庫 ;$v202
=880  1\$6700-06/{dollar}1$a宗政五十緖,$d1929-
=880  12$6700-07/{dollar}1$a三熊花顚,$d1730-1794.$t続近世畸人伝.$f1972.
=880  02$6740-08/{dollar}1$a続近世畸人伝.
=880  \0$6830-09/{dollar}1$a東洋文庫 ;$v202.
=859  \\$aORR$bJapanKnowledge
=CAT  \\$aW1704-1242$b00$c20170509$lBLL01$h0927
=CAT  \\$aBATCH-UPD$b00$c20170509$lBLL01$h0932
=CAT  \\$aBATCH-UPD$b00$c20170509$lBLL01$h0939
=CAT  \\$aW2003-0365$c20200305$lBLL01$h1101
=FIN  \\$aY$d20170509
=SID  \\$aZ30$bOCLC
=SRC  \\$aJapanKnowledge_2017$bJK_OCLC20170203.mrc
=LAS  \\$aW2003-0365$b00$c20200305$lBLL01$h1101

