=LDR  02191 am a22005774i 4500
=001  018337973
=003  Uk
=005  20170106042919.0
=006  m\\\\\o\\d\\\\\\\\
=007  cr\|||||||||||
=008  151113s2005\\\\ja\\\\\\o\\\\\000\0\jpn\d
=FMT  \\$a  BK
=020  \\$z4560508917
=020  \\$z9784560508916
=035  \\$a(OCoLC)929030774
=040  \\$aYUS$beng$cYUS$dYUS$dOCLCO$dOCLCF$dUk$erda$epn
=041  1\$ajpn$hfre
=245  00$6880-01$aKagaku tetsugaku /$cDominikku Rukūru cho ; Sawazaki Takehiro, Takenaka Toshihiko, Miyake Takeshi yaku.
=264  \1$6880-02$aTōkyō :$bHakusuisha,$c2005.
=300  \\$a1 online resource.
=336  \\$atext$btxt$2rdacontent
=337  \\$acomputer$bc$2rdamedia
=338  \\$aonline resource$bcr$2rdacarrier
=490  1\$6880-03$aBunko kuseju ;$v891
=588  \\$aDescription based on print version.
=650  \0$aScience$xPhilosophy.
=650  \7$aScience$xPhilosophy.$2fast$0(OCoLC)fst01108336
=700  1\$6880-04$aSawazaki, Takehiro,$d1971-
=700  1\$6880-05$aTakenaka, Toshihiko,$d1971-
=700  1\$6880-06$aMiyake, Takeshi,$d1972-
=700  1\$aLecourt, Dominique.
=730  0\$aPhilosophie des sciences.
=773  0\$tJapanKnowledge
=776  08$iPrint version:$tKagaku tetsugaku.
=830  \0$6880-07$aBunko kuseju$v891.
=856  40$3JapanKnowledge$uhttp://japanknowledge.com/lib/display/?lid=8021008910000$yJapanKnowledge Lib
=880  00$6245-01/{dollar}1$a科学哲学 /$cドミニック・ルクール著 ; 沢崎壮宏, 竹中利彦, 三宅岳史訳.
=880  \1$6264-02/{dollar}1$a東京 :$b白水社,$c2005.
=880  1\$6490-03/{dollar}1$a文庫クセジュ ;$v891
=880  1\$6700-04/{dollar}1$a沢崎壮宏,$d1971-
=880  1\$6700-05/{dollar}1$a竹中利彦,$d1971-
=880  1\$6700-06/{dollar}1$a三宅岳史,$d1972-
=880  \0$6830-07/{dollar}1$a文庫クセジュ ;$v891.
=859  \\$aORR$bJapanKnowledge
=CAT  \\$aW1704-1242$b00$c20170509$lBLL01$h0927
=CAT  \\$aBATCH-UPD$b00$c20170509$lBLL01$h0932
=CAT  \\$aW2003-0365$c20200305$lBLL01$h1101
=FIN  \\$aY$d20170509
=SID  \\$aZ30$bOCLC
=SRC  \\$aJapanKnowledge_2017$bJK_OCLC20170203.mrc
=LAS  \\$aW2003-0365$b00$c20200305$lBLL01$h1101

