=LDR  02160 am a22005774i 4500
=001  018337974
=003  Uk
=005  20170106042919.0
=006  m\\\\\o\\d\\\\\\\\
=007  cr\|||||||||||
=008  151113s1982\\\\ja\\\\\\ob\\\\000\0\jpn\d
=FMT  \\$a  BK
=020  \\$z4560055866
=020  \\$z9784560055861
=035  \\$a(OCoLC)929029017
=040  \\$aWTU$beng$cYUS$dOCLCO$dYUS$dOCLCO$dOCLCF$dUk$erda$epn
=041  1\$ajpn$hfre
=100  1\$aMantran, Robert,$eauthor.
=240  10$aHistoire de la Turquie.$lJapanese
=245  10$6880-01$aToruko shi /$cRobēru Mantoran cho ; Koyama Kōichirō yaku.
=264  \1$6880-02$aTōkyō :$bHakusuisha,$c1982.
=300  \\$a1 online resource.
=336  \\$atext$btxt$2rdacontent
=337  \\$acomputer$bc$2rdamedia
=338  \\$aonline resource$bcr$2rdacarrier
=490  1\$6880-03$aBunko kuseju ;$v586
=504  \\$aIncludes bibliographical references.
=588  \\$aDescription based on print version.
=651  \0$aTurkey$xHistory.
=651  \7$aTurkey.$2fast$0(OCoLC)fst01208963
=655  \7$aHistory.$2fast$0(OCoLC)fst01411628
=700  1\$6880-04,$aKoyama, Kōichirō.$etranslator.
=700  1\$iTranslation of:$aMantran, Robert.$tHistoire de la Turquie.
=773  0\$tJapanKnowledge
=776  08$iPrint version:$tTorukoshi
=830  \0$6880-05$aBunko kuseju$v586.
=856  40$3JapanKnowledge$uhttp://japanknowledge.com/lib/display/?lid=8021005860000$yJapanKnowledge Lib
=880  10$6245-01$aトルコ史 /$cロベール・マントラン著 ; 小山皓一郎訳.
=880  \1$6264-02$a東京 :$b白水社,$c1982.
=880  1\$6490-03$a文庫クセジュ ;$v586
=880  1\$6700-04$a小山皓一郎,$etranslator.
=880  \0$6830-05$a文庫クセジュ ;$v586.
=859  \\$aORR$bJapanKnowledge
=CAT  \\$aW1704-1242$b00$c20170509$lBLL01$h0927
=CAT  \\$aBATCH-UPD$b00$c20170509$lBLL01$h0932
=CAT  \\$aBATCH-UPD$b00$c20170509$lBLL01$h0939
=CAT  \\$aW2003-0365$c20200305$lBLL01$h1101
=FIN  \\$aY$d20170509
=SID  \\$aZ30$bOCLC
=SRC  \\$aJapanKnowledge_2017$bJK_OCLC20170203.mrc
=LAS  \\$aW2003-0365$b00$c20200305$lBLL01$h1101

