=LDR  02375 am a22006257a 4500
=001  018337975
=003  Uk
=005  20170106042920.0
=006  m\\\\\o\\d\\\\\\\\
=007  cr\|||||||||||
=008  111013s1990\\\\ja\a\\\\o\\\\\000\0\jpn\d
=FMT  \\$a  BK
=019  \\$a648376604
=020  \\$z4582805221
=020  \\$z9784582805222
=035  \\$a(OCoLC)756896197$z(OCoLC)648376604
=040  \\$aOCLCE$beng$cOCLCE$dCUS$dOCLCQ$dOCLCO$dOCLCF$dOCLCQ$dOCLCO$dYUS$dOCLCO$dYUS$dOCLCO$dOCLCQ$dOCLCO$dYUS$dOCLCO$dUk$epn
=042  \\$adlr
=043  \\$aa-cc-pe
=050  \4$aPL835.K96$bZ8 1990
=100  1\$6880-01$aOkuno, Shintarō.
=245  10$6880-02$aZuihitsu Pekin /$c[chosha] Okuno Shintarō.
=250  \\$6880-03$aShohan.
=260  \\$6880-04$aTōkyō :$bHeibonsha,$c1990.
=300  \\$a1 online resource (317 pages) :$billustrations.
=336  \\$atext$btxt$2rdacontent
=337  \\$acomputer$bc$2rdamedia
=338  \\$aonline resource$bcr$2rdacarrier
=490  1\$6880-05$aTōyō bunko ;$v522
=500  \\$aEssays.
=588  0\$aPrint version record.
=650  \7$aManners and customs.$2fast$0(OCoLC)fst01007815
=650  \7$aTravel.$2fast$0(OCoLC)fst01155558
=651  \0$aBeijing (China)$xDescription and travel.
=651  \0$aBeijing (China)$xSocial life and customs.
=651  \7$aChina$zBeijing.$2fast$0(OCoLC)fst01205740
=773  0\$tJapanKnowledge
=776  08$iPrint version:$aOkuno, Shintarō, 1899-1968.$tZuihitsu Pekin.$bShohan.$dTōkyō : Heibonsha, 1990$z4582805221
=830  \0$6880-06$aTōyō bunko$v522.
=856  40$3JapanKnowledge$uhttp://japanknowledge.com/lib/display/?lid=80010V0522P0002$yJapanKnowledge Lib
=880  1\$6100-01/{dollar}1$a奥野信太郎.
=880  10$6245-02/{dollar}1$a随筆北京 /$c[著者] 奥野信太郎.
=880  \\$6250-03/{dollar}1$a初版.
=880  \\$6260-04/{dollar}1$a東京 :$b平凡社,$c1990.
=880  1\$6490-05/{dollar}1$a東洋文庫 ;$v522
=880  \0$6830-06/{dollar}1$a東洋文庫 ;$v522.
=859  \\$aORR$bJapanKnowledge
=CAT  \\$aW1704-1242$b00$c20170509$lBLL01$h0927
=CAT  \\$aBATCH-UPD$b00$c20170509$lBLL01$h0932
=CAT  \\$aBATCH-UPD$b00$c20170509$lBLL01$h0939
=CAT  \\$aW2003-0365$c20200305$lBLL01$h1101
=FIN  \\$aY$d20170509
=SID  \\$aZ30$bOCLC
=SRC  \\$aJapanKnowledge_2017$bJK_OCLC20170203.mrc
=LAS  \\$aW2003-0365$b00$c20200305$lBLL01$h1101

