=LDR  02033 as a22005414i 4500
=001  018337976
=003  Uk
=005  20170106042920.0
=006  m\\\\\o\\d\\\\\\\\
=007  cr\|||||||||||
=008  151214c20019999ja\dr\\\o\\\\\0\\\\0jpn\d
=FMT  \\$a  SE
=035  \\$a(OCoLC)932129314
=040  \\$aYUS$beng$cYUS$dOCLCO$dOCLCF$dOCLCO$dOCL$dUk$erda
=043  \\$aa------$ae------
=050  \4$aHG41
=245  00$6880-01$aNNA :$bAjia & EU kokusai jōho.
=246  10$aNNA :$bAjia and EU kokusai jōho
=264  \1$6880-02$aTōkyō :$bNetAdvance Inc.,$c2001-
=300  \\$a1 online resource
=310  \\$aDaily
=336  \\$atext$btxt$2rdacontent
=337  \\$acomputer$bc$2rdamedia
=338  \\$aonline resource$bcr$2rdacarrier
=500  \\$aContents are available for only the past two years.
=588  \\$aDescription based on online resource; title from search contents (viewed December 14, 2015).
=648  \7$a2000-2099$2fast
=650  \0$aFinance$zAsia$vPeriodicals.
=650  \0$aFinance$zEurope$vPeriodicals.
=650  \7$aEconomic history.$2fast$0(OCoLC)fst00901974
=650  \7$aFinance.$2fast$0(OCoLC)fst00924349
=651  \0$aAsia$xEconomic conditions$y21st century$vPeriodicals.
=651  \0$aEurope$xEconomic conditions$y21st century$vPeriodicals.
=651  \7$aAsia.$2fast$0(OCoLC)fst01240495
=651  \7$aEurope.$2fast$0(OCoLC)fst01245064
=655  \7$aPeriodicals.$2fast$0(OCoLC)fst01411641
=773  0\$tJapanKnowledge
=856  40$3JapanKnowledge$uhttp://japanknowledge.com/lib/search/nna/$yJapanKnowledge Lib
=880  00$6245-01/{dollar}1$aNNA :$bアジア&EU国際情報.
=880  \1$6264-02/{dollar}1$a東京 :$bNetAdvance Inc.,$c2001-
=859  \\$aORR$bJapanKnowledge
=CAT  \\$aW1704-1242$b00$c20170509$lBLL01$h0927
=CAT  \\$aBATCH-UPD$b00$c20170509$lBLL01$h0932
=CAT  \\$aW2003-0365$c20200305$lBLL01$h1101
=FIN  \\$aY$d20170509
=SID  \\$aZ30$bOCLC
=SRC  \\$aJapanKnowledge_2017$bJK_OCLC20170203.mrc
=LAS  \\$aW2003-0365$b00$c20200305$lBLL01$h1101

