=LDR  02935 am a22006734i 4500
=001  018337977
=003  Uk
=005  20170106042920.0
=006  m\\\\\o\\d\\\\\\\\
=007  cr\|||||||||||
=008  160115s1993\\\\ja\\\\\\ob\\\\000\0\jpn\d
=FMT  \\$a  BK
=020  \\$z4560057435
=020  \\$z9784560057438
=035  \\$a(OCoLC)934799121
=040  \\$aSTF$beng$cYUS$dOCLCO$dYUS$dOCLCO$dOCLCF$dOCL$dUk$erda$epn
=041  1\$ajpn$hfre
=050  \4$aDP269$b.V47163 1993
=100  1\$aVilar, Pierre,$d1906-2003,$eauthor.
=240  10$aLa guerre dʹEspagne, 1936-1939.$lJapanese
=245  10$6880-01$aSupein naisen /$cPiēru Virāru cho ; Tateishi Hirotaka, Nakatsuka Jirō kyōyaku.
=264  \1$6880-02$aTōkyō :$bHakusuisha,$c1993.
=300  \\$a1 online resource.
=336  \\$atext$btxt$2rdacontent
=337  \\$acomputer$bc$2rdamedia
=338  \\$aonline resource$bcr$2rdacarrier
=490  1\$6880-03$aBunko kuseju ;$v743
=500  \\$aTranslation of: La Guerre d'Espagne. Paris : Presses universitaires de France, 1986.
=504  \\$aIncludes bibliographical references.
=588  \\$aDescription based on print version record.
=611  27$aCivil War (Spain : 1936-1939)$2fast$0(OCoLC)fst01352321
=648  \7$a1936-1939$2fast
=651  \0$aSpain$xHistory$yCivil War, 1936-1939.
=651  \7$aSpain.$2fast$0(OCoLC)fst01204303
=655  \7$aHistory.$2fast$0(OCoLC)fst01411628
=700  1\$6880-04,$aTateishi, Hirotaka.$etranslator.
=700  1\$6880-05$aNakatsuka, Jirō,$d1952-$etranslator.
=730  0\$aLa guerre d'Espagne(1936-1939)
=773  0\$tJapanKnowledge
=776  08$6880-06$iPrint version:$aVilar, Pierre, 1906-$sLa guerre dʹEspagne, 1936-1939. Japanese.$tSupein naisen.$dTōkyō : Hakusuisha, 1993
=830  \0$6880-07$aBunko kuseju$v743.
=856  40$3JapanKnowledge$uhttp://japanknowledge.com/lib/display/?lid=8021007430000$yJapanKnowledge Lib
=880  10$6245-01/{dollar}1$aスペイン内戦 /$cピエール・ヴィラール著 ; 立石博高, 中塚次郎共訳.
=880  \1$6264-02/{dollar}1$a東京 :$b白水社,$c1993.
=880  1\$6490-03/{dollar}1$a文庫クセジュ ;$v743
=880  1\$6700-04/{dollar}1$a立石博高,$etranslator.
=880  1\$6700-05/{dollar}1$a中塚次郎,$d1952-$etranslator.
=880  08$6776-06/{dollar}1$iPrint version:$aVilar, Pierre, 1906-$sLa guerre dʹEspagne, 1936-1939. Japanese.$tスペイン内戦.$d東京 : 白水社, 1993$w(OCoLC)47302783
=880  \0$6830-07/{dollar}1$a文庫クセジュ ;$v743.
=859  \\$aORR$bJapanKnowledge
=CAT  \\$aW1704-1242$b00$c20170509$lBLL01$h0927
=CAT  \\$aBATCH-UPD$b00$c20170509$lBLL01$h0932
=CAT  \\$aBATCH-UPD$b00$c20181220$lBLL01$h2121
=CAT  \\$aBATCH-UPD$b00$c20200116$lBLL01$h2107
=CAT  \\$aW2003-0365$c20200305$lBLL01$h1101
=FIN  \\$aY$d20170509
=SID  \\$aZ30$bOCLC
=SRC  \\$aJapanKnowledge_2017$bJK_OCLC20170203.mrc
=LAS  \\$aW2003-0365$b00$c20200305$lBLL01$h1101

