=LDR  03190 am a22006857a 4500
=001  018337978
=003  Uk
=005  20170106042920.0
=006  m\\\\\o\\d\\\\\\\\
=007  cr\|||||||||||
=008  100315m19711973ja\b\\\\ob\\\\000\0\jpn\d
=FMT  \\$a  BK
=019  \\$a300500579
=035  \\$a(OCoLC)556242730$z(OCoLC)300500579
=040  \\$aOCLCE$beng$cOCLCE$dOCLCQ$dCUS$dOCLCO$dOCLCQ$dOCLCF$dYUS$dOCLCO$dYUS$dOCLCO$dOCLCQ$dOCLCO$dYUS$dOCLCO$dUk$epn
=041  1\$ajpn$hchi
=042  \\$adlr
=043  \\$aa------
=050  \4$aDS13$b.E74162
=082  04$a305.90693
=130  0\$6880-01$aEr shi si shi.$kSelections.$lJapanese.
=245  00$6880-02$aKiba minzokushi :$bseishi hokuteki den /$cUchida Ginpū [and others] yakuchū.
=260  \\$6880-03$aTōkyō :$bHeibonsha,$cShōwa 46-48 [1971-1973]$g(Shōwa 52-53 [1977-1978] printing)
=300  \\$a1 online resource (3 volumes) :$bmaps.
=336  \\$atext$btxt$2rdacontent
=337  \\$acomputer$bc$2rdamedia
=338  \\$aonline resource$bcr$2rdacarrier
=490  1\$6880-04$aTōyō bunko ;$v197, 223, 228
=504  \\$aIncludes bibliographical references.
=505  8\$aKyôdoden -- Ugan senpiden -- Zenzen zeizeiden -- Kôshaden -- Shitsui kitai keiden -- Mokkitsu makkatsuden -- Tetsurokuden -- Tokketsuden -- Nishitokketsuden -- Kaikotsuden -- Dattanden -- Oirattoden -- Uryanhaden -- Tobanden -- Sadaden.
=588  0\$aPrint version record.
=650  \0$aNomads$zAsia$xHistory$vSources.
=650  \7$aNomads.$2fast$0(OCoLC)fst01038439
=651  \7$aAsia.$2fast$0(OCoLC)fst01240495
=655  \7$aHistory.$2fast$0(OCoLC)fst01411628
=655  \7$aSources.$2fast$0(OCoLC)fst01423900
=700  1\$6880-05$aUchida, Ginpū,$d1907-
=773  0\$tJapanKnowledge
=776  08$iPrint version:$tKiba minzokushi.$dTōkyō : Heibonsha, Shōwa 46-48 [1971-1973]
=830  \0$6880-06$aTōyō bunko$v197, 223, 228.
=856  40$3JapanKnowledge Volume 1$uhttp://japanknowledge.com/lib/display/?lid=80010V0197P0002$yJapanKnowledge Lib
=856  40$3JapanKnowledge Volume 2$uhttp://japanknowledge.com/lib/display/?lid=80010V0223P0002$yJapanKnowledge Lib
=856  40$3JapanKnowledge Volume 3$uhttp://japanknowledge.com/lib/display/?lid=80010V0228P0002$yJapanKnowledge Lib
=880  0\$6130-01/{dollar}1$a二十四史.$kSelections.$lJapanese.
=880  00$6245-02/{dollar}1$a騎馬民族史 :$b正史北狄伝 /$c內田吟風 [and others] 訳註.
=880  \\$6260-03/{dollar}1$a東京 :$b平凡社,$c昭和46-48 [1971-1973]$g(昭和52-53 [1977-1978] printing)
=880  \\$6250-00/{dollar}1$a初版.
=880  1\$6490-04/{dollar}1$a東洋文庫 ;$v197, 223, 228
=880  04$6630-00/{dollar}1$a二十四史.$lJapanese.
=880  1\$6700-05/{dollar}1$a內田吟風,$d1907-
=880  \0$6830-06/{dollar}1$a東洋文庫 ;$v197, 223, 228.
=859  \\$aORR$bJapanKnowledge
=CAT  \\$aW1704-1242$b00$c20170509$lBLL01$h0927
=CAT  \\$aBATCH-UPD$b00$c20170509$lBLL01$h0932
=CAT  \\$aBATCH-UPD$b00$c20170509$lBLL01$h0939
=CAT  \\$aW2003-0365$c20200305$lBLL01$h1101
=FIN  \\$aY$d20170509
=SID  \\$aZ30$bOCLC
=SRC  \\$aJapanKnowledge_2017$bJK_OCLC20170203.mrc
=LAS  \\$aW2003-0365$b00$c20200305$lBLL01$h1101

