=LDR  02924 am a22006977a 4500
=001  018337979
=003  Uk
=005  20170106042921.0
=006  m\\\\\o\\d\\\\\\\\
=007  cr\|||||||||||
=008  100626s1979\\\\ja\af\\\o\\\\\000\0\jpn\d
=FMT  \\$a  BK
=019  \\$a300314305
=020  \\$z4582803679
=020  \\$z9784582803679
=035  \\$a(OCoLC)644093355$z(OCoLC)300314305
=040  \\$aOCLCE$beng$cOCLCE$dCUS$dOCLCQ$dOCLCO$dOCLCF$dOCL$dYUS$dOCLCO$dYUS$dOCLCO$dOCL$dOCLCQ$dYUS$dOCLCO$dUk$epn
=042  \\$adlr
=043  \\$aa-kr---
=050  \4$aBX1670.5$b.D34163 1979
=050  \4$aDS913.27$b.D34216 <Orien Japan>
=100  1\$aDallet, Charles.
=240  10$aHistoire de l'Église de Corée.$pIntroduction.$lJapanese
=245  10$6880-01$aChōsen jijō :$bChōsen kyōkaishi joron sono rekishi, seido, gengo, fūzoku oyobi shūkan ni tsuite /$cDare ; Kimu Yongwon yaku.
=250  \\$6880-02$aShohan.
=260  \\$6880-03$aTōkyō :$bHeibonsha,$c1979.
=300  \\$a1 online resource (vi, 350 pages, [1] leaf of plates) :$billustrations.
=336  \\$atext$btxt$2rdacontent
=337  \\$acomputer$bc$2rdamedia
=338  \\$aonline resource$bcr$2rdacarrier
=490  1\$6880-04$aTōyō bunko ;$v367
=588  0\$aPrint version record.
=648  \7$a1392-1910$2fast
=650  \0$aKorean language.
=650  \7$aKorean language.$2fast$0(OCoLC)fst00988693
=650  \7$aManners and customs.$2fast$0(OCoLC)fst01007815
=650  \7$aPolitics and government$2fast$0(OCoLC)fst01919741
=651  \0$aKorea$xChurch history.
=651  \0$aKorea$xPolitics and government$y1392-1910.
=651  \0$aKorea$xSocial life and customs.
=651  \7$aKorea.$2fast$0(OCoLC)fst01206434
=655  \7$aChurch history.$2fast$0(OCoLC)fst01411629
=700  1\$6880-05$aKim, Yong-gwŏn,$d1947-
=773  0\$tJapanKnowledge
=776  08$iPrint version:$aDallet, Charles.$sHistoire de l'Église de Corée. Introduction. Japanese.$tChōsen jijō.$bShohan.$dTōkyō : Heibonsha, 1979$z4582803679
=830  \0$6880-06$aTōyō bunko$v367.
=856  40$3JapanKnowledge$uhttp://japanknowledge.com/lib/display/?lid=80010V0367P0002$yJapanKnowledge Lib
=880  10$6245-01/{dollar}1$a朝鮮事情 :$b朝鮮敎会史序論その歴史, 制度, 言語, 風俗および習慣について /$cダレ ; 金容権訳.
=880  \\$6250-02/{dollar}1$a初版.
=880  \\$6260-03/{dollar}1$a東京 :$b平凡社,$c1979.
=880  1\$6490-04/{dollar}1$a東洋文庫 ;$v367
=880  1\$6700-05/{dollar}1$a金容権,$d1947-
=880  \0$6830-06/{dollar}1$a東洋文庫 ;$v367.
=859  \\$aORR$bJapanKnowledge
=CAT  \\$aW1704-1242$b00$c20170509$lBLL01$h0927
=CAT  \\$aBATCH-UPD$b00$c20170509$lBLL01$h0932
=CAT  \\$aW2003-0365$c20200305$lBLL01$h1101
=FIN  \\$aY$d20170509
=SID  \\$aZ30$bOCLC
=SRC  \\$aJapanKnowledge_2017$bJK_OCLC20170203.mrc
=LAS  \\$aW2003-0365$b00$c20200305$lBLL01$h1101

