=LDR  02231 am a22005777a 4500
=001  018337980
=003  Uk
=005  20170106042921.0
=006  m\\\\\o\\d\\\\\\\\
=007  cr\|||||||||||
=008  110414s1982\\\\ja\a\\\\o\\\\\000\0\jpn\d
=FMT  \\$a  BK
=035  \\$a(OCoLC)712732722
=040  \\$aOCLCE$beng$cOCLCE$dCUS$dOCLCQ$dOCLCF$dYUS$dOCLCO$dOCLCQ$dYUS$dOCLCO$dOCLCQ$dYUS$dOCLCO$dUk$epn
=042  \\$adlr
=050  \4$aGV1459.5$b.I544 1982
=100  1\$6880-01$aInoue, Inseki,$d1646-1719
=240  10$6880-02$aHatsuyōron
=245  10$6880-03$aIgo hatsuyōron /$cInoue Inseki ; Fujisawa Hideyuki kaisetsu.
=250  \\$6880-04$aShohan.
=260  \\$6880-05$aTōkyō :$bHeibonsha,$c1982.
=300  \\$a1 online resource (i, 395 pages) :$billustrations.
=336  \\$atext$btxt$2rdacontent
=337  \\$acomputer$bc$2rdamedia
=338  \\$aonline resource$bcr$2rdacarrier
=490  1\$6880-06$aTōyō bunko ;$v412
=588  0\$aPrint version record.
=650  \0$aGo (Game)
=650  \7$aGo (Game)$2fast$0(OCoLC)fst00943915
=700  1\$6880-07$aFujisawa, Hideyuki,$d1925-2009
=773  0\$tJapanKnowledge
=776  08$iPrint version:$aInoue, Inseki, 1646-1719.$sHatsuyōron.$tIgo hatsuyōron.$bShohan.$dTōkyō : Heibonsha, 1982
=830  \0$6880-08$aTōyō bunko$v412.
=856  40$3JapanKnowledge$uhttp://japanknowledge.com/lib/display/?lid=80010V0412P0002$yJapanKnowledge Lib
=880  1\$6100-01/{dollar}1$a井上因碩,$d1646-1719.
=880  10$6240-02/{dollar}1$a発陽論
=880  10$6245-03/{dollar}1$a囲碁発陽論 /$c井上因碩 ; 藤沢秀行解說.
=880  \\$6250-04/{dollar}1$a初版.
=880  \\$6260-05/{dollar}1$a東京 :$b平凡社,$c1982.
=880  1\$6490-06/{dollar}1$a東洋文庫 ;$v412
=880  1\$6700-07/{dollar}1$a藤沢秀行,$d1925-2009.
=880  \0$6830-08/{dollar}1$a東洋文庫 ;$v412.
=859  \\$aORR$bJapanKnowledge
=CAT  \\$aW1704-1242$b00$c20170509$lBLL01$h0927
=CAT  \\$aBATCH-UPD$b00$c20170509$lBLL01$h0932
=CAT  \\$aBATCH-UPD$b00$c20170509$lBLL01$h0939
=CAT  \\$aW2003-0365$c20200305$lBLL01$h1101
=FIN  \\$aY$d20170509
=SID  \\$aZ30$bOCLC
=SRC  \\$aJapanKnowledge_2017$bJK_OCLC20170203.mrc
=LAS  \\$aW2003-0365$b00$c20200305$lBLL01$h1101

