=LDR  02023 am a22005534i 4500
=001  018337981
=003  Uk
=005  20170106042922.0
=006  m\\\\\o\\d\\\\\\\\
=007  cr\|||||||||||
=008  151113s2002\\\\ja\\\\\\o\\\\\000\0\jpn\d
=FMT  \\$a  BK
=020  \\$z456005858X
=020  \\$z9784560058589
=035  \\$a(OCoLC)929031323
=040  \\$aCNEAL$beng$cYUS$dOCLCO$dYUS$dOCLCO$dOCLCF$dUk$erda$epn
=041  1\$ajpn$hfre
=050  \4$aDS481.G3$bD45165 2002
=100  1\$aDeliège, Robert,$eauthor.
=240  10$aGandhi.$lJapanese
=245  10$6880-01$aGanji no jitsuzō /$cRobēru Doriēju cho ; Imaeda Yoshiro yaku.
=264  \1$6880-02$aTokyo :$bHakusuisha,$c2002.
=300  \\$a1 online resource.
=336  \\$atext$btxt$2rdacontent
=337  \\$acomputer$bc$2rdamedia
=338  \\$aonline resource$bcr$2rdacarrier
=490  1\$6880-03$aBunko kuseju ;$v858
=500  \\$aTranslation of: Gandhi.
=588  \\$aDescription based on print version.
=600  10$aGandhi,$cMahatma,$d1869-1948.
=600  17$aGandhi,$cMahatma,$d1869-1948$2fast$0(OCoLC)fst00033822
=700  1\$6880-04$aImaeda, Yoshiro.
=773  0\$tJapanKnowledge
=776  08$iPrint version:$tGanji no jitsuzo
=830  \0$6880-05$aBunko kuseju$v858.
=856  40$3JapanKnowledge$uhttp://japanknowledge.com/lib/display/?lid=8021008580000$yJapanKnowledge Lib
=880  10$6245-01/{dollar}1$aガンジーの実像 /$cロベール・ドリエージュ著 ; 今枝由郎訳.
=880  \1$6264-02/{dollar}1$a東京 :$b白水社,$c2002.
=880  1\$6490-03/{dollar}1$a文庫クセジュ ;$v858
=880  1\$6700-04/{dollar}1$a今枝由郎
=880  \0$6830-05/{dollar}1$a文庫クセジュ ;$v858.
=859  \\$aORR$bJapanKnowledge
=CAT  \\$aW1704-1242$b00$c20170509$lBLL01$h0927
=CAT  \\$aBATCH-UPD$b00$c20170509$lBLL01$h0932
=CAT  \\$aW2003-0365$c20200305$lBLL01$h1101
=FIN  \\$aY$d20170509
=SID  \\$aZ30$bOCLC
=SRC  \\$aJapanKnowledge_2017$bJK_OCLC20170203.mrc
=LAS  \\$aW2003-0365$b00$c20200305$lBLL01$h1101

