=LDR  02151 am a22005654i 4500
=001  018337982
=003  Uk
=005  20170106042922.0
=006  m\\\\\o\\d\\\\\\\\
=007  cr\|||||||||||
=008  151113s2003\\\\ja\\\\\\o\\\\\000\0\jpn\d
=FMT  \\$a  BK
=020  \\$z4560058628
=020  \\$z9784560058626
=035  \\$a(OCoLC)929030530
=040  \\$aYUS$beng$cYUS$dYUS$dOCLCO$dOCLCF$dOCLCA$dUk$erda$epn
=041  1\$ajpn$hfre
=245  00$6880-01$aSofisuto retsuden /$cJirubēru Romeie Derube cho ; Kanzaki Shigeru, Onogi Yoshinobu yaku.
=264  \1$6880-02$aTōkyō :$bHakusuisha,$c2003.
=300  \\$a1 online resource.
=336  \\$atext$btxt$2rdacontent
=337  \\$acomputer$bc$2rdamedia
=338  \\$aonline resource$bcr$2rdacarrier
=490  1\$6880-03$aBunko kuseju ;$v862
=588  \\$aDescription based on print version.
=650  \0$aSophists (Greek philosophy)
=650  \7$aSophists (Greek philosophy)$2fast$0(OCoLC)fst01126720
=700  1\$6880-04$aKanzaki, Shigeru,$d1952-2016
=700  1\$6880-05$aOnogi, Yoshinobu,$d1962-
=700  1\$aRomeyer-Dherbey, Gilbert.
=730  0\$aSophistes.
=773  0\$tJapanKnowledge
=776  08$iPrint version:$tSofisuto retsuden.
=830  \0$6880-06$aBunko kuseju$v862.
=856  40$3JapanKnowledge$uhttp://japanknowledge.com/lib/display/?lid=8021008620000$yJapanKnowledge Lib
=880  00$6245-01/{dollar}1$aソフィスト列伝 /$cジルベール・ロメイエ=デルベ著 ; 神崎繁, 小野木芳伸訳.
=880  \1$6264-02/{dollar}1$a東京 :$b白水社,$c2003.
=880  1\$6490-03/{dollar}1$a文庫クセジュ ;$v862
=880  1\$6700-04/{dollar}1$a神崎繁,$d1952-
=880  1\$6700-05/{dollar}1$a小野木芳伸,$d1962-
=880  \0$6830-06/{dollar}1$a文庫クセジュ ;$v862.
=859  \\$aORR$bJapanKnowledge
=CAT  \\$aW1704-1242$b00$c20170509$lBLL01$h0927
=CAT  \\$aBATCH-UPD$b00$c20170509$lBLL01$h0932
=CAT  \\$aBATCH-UPD$b00$c20170509$lBLL01$h0939
=CAT  \\$aW2003-0365$c20200305$lBLL01$h1101
=FIN  \\$aY$d20170509
=SID  \\$aZ30$bOCLC
=SRC  \\$aJapanKnowledge_2017$bJK_OCLC20170203.mrc
=LAS  \\$aW2003-0365$b00$c20200305$lBLL01$h1101

