=LDR  02579 am a22006614i 4500
=001  018337983
=003  Uk
=005  20170106042922.0
=006  m\\\\\o\\d\\\\\\\\
=007  cr\|||||||||||
=008  151112s1996\\\\fr\\\\\\ob\\\\000\0\fre\d
=FMT  \\$a  BK
=020  \\$z4560057842
=020  \\$z9784560057841
=035  \\$a(OCoLC)928950233
=040  \\$aYUS$beng$cYUS$dOCLCO$dYUS$dOCLCO$dUk$erda$epn
=041  1\$ajpn$hfre
=050  \4$aPJ5113$b.B3815 1996
=100  1\$6880-01,$aBaumgarten, Jean.$eauthor.
=240  10$aYiddish.$lJapanese
=245  10$6880-02$aIdisshugo /$cJan Bōmugaruten ; Ueda Kazuo, Okamoto Katsuto kyōyaku.
=264  \1$6880-03$aTōkyō :$bHakusuisha,$c1996.
=300  \\$a1 online resource.
=336  \\$atext$btxt$2rdacontent
=337  \\$acomputer$bc$2rdamedia
=338  \\$aonline resource$bcr$2rdacarrier
=490  1\$6880-04$aBunko kuseju ;$v784
=500  \\$aTranslation of: Le Yiddish (collection Que sais-je? no. 2552) : Paris : Presses universitaires de France, 1990.
=504  \\$aIncludes bibliographical references (page i 2nd group).
=588  \\$aDescription based on print version.
=650  \0$aJews$xCivilization.
=650  \0$aYiddish language.
=650  \0$aYiddish literature.
=650  \7$aJews$xCivilization.$2fast$0(OCoLC)fst00983166
=650  \7$aYiddish language.$2fast$0(OCoLC)fst01182793
=650  \7$aYiddish literature.$2fast$0(OCoLC)fst01182824
=700  1\$6880-05$aUeda, Kazuo,$d1943-
=700  1\$6880-06$aOkamoto, Katsuto,$d1949-
=773  0\$tJapanKnowledge
=776  08$iPrint version:$tIdisshugo
=830  \0$6880-07$aBunko kuseju$v784.
=856  40$3JapanKnowledge$uhttp://japanknowledge.com/lib/display/?lid=8021007840000$yJapanKnowledge Lib
=880  1\$6100-01$aジャン・ボームガルテン,$eauthor
=880  10$6245-02$aイディッシュ語 /$cジャン・ボームガルテン ; 上田和夫, 岡本克人共訳.
=880  \1$6264-03$a東京 :$b白水社,$c1996.
=880  1\$6490-04$a文庫クセジュ ;$v784
=880  1\$6700-05$a上田和夫,$d1943-
=880  1\$6700-06$a岡本克人,$d1949-
=880  \0$6830-07$a文庫クセジュ ;$v784.
=859  \\$aORR$bJapanKnowledge
=CAT  \\$aW1704-1242$b00$c20170509$lBLL01$h0927
=CAT  \\$aBATCH-UPD$b00$c20170509$lBLL01$h0932
=CAT  \\$aBATCH-UPD$b00$c20170509$lBLL01$h0939
=CAT  \\$aW2003-0365$c20200305$lBLL01$h1101
=FIN  \\$aY$d20170509
=SID  \\$aZ30$bOCLC
=SRC  \\$aJapanKnowledge_2017$bJK_OCLC20170203.mrc
=LAS  \\$aW2003-0365$b00$c20200305$lBLL01$h1101

