=LDR  02005 am a22005534i 4500
=001  018337984
=003  Uk
=005  20170106042923.0
=006  m\\\\\o\\d\\\\\\\\
=007  cr\|||||||||||
=008  151113s1977\\\\ja\\\\\\ob\\\\000\0\jpn\d
=FMT  \\$a  BK
=020  \\$z4560056102
=020  \\$z9784560056103
=035  \\$a(OCoLC)929029015
=040  \\$aWTU$beng$cYUS$dOCLCO$dYUS$dOCLCO$dOCLCF$dUk$erda$epn
=041  1\$ajpn$hfre
=100  1\$aFavre, Henri,$d1937-$eauthor.
=240  10$aLes Incas.$lJapanese
=245  10$6880-01$aInka bunmei /$cAnri Fāburu cho ; Koike Yūji yaku.
=264  \1$6880-02$aTōkyō :$bHakusuisha,$c1977.
=300  \\$a1 online resource.
=336  \\$atext$btxt$2rdacontent
=337  \\$acomputer$bc$2rdamedia
=338  \\$aonline resource$bcr$2rdacarrier
=490  1\$6880-03$aBunko kuseju ;$v610
=504  \\$aIncludes bibliographical references.
=588  \\$aDescription based on print version.
=650  \0$aIncas.
=650  \7$aIncas.$2fast$0(OCoLC)fst00968458
=700  1\$6880-04$aKoike, Yūji,$etranslator.
=700  1\$iTranslation of:$aFavre, Henri,$d1937-$tLes Incas.
=773  0\$tJapanKnowledge
=776  08$iPrint version:$tInka bunmei
=830  \0$6880-05$aBunko kuseju$v610.
=856  40$3JapanKnowledge$uhttp://japanknowledge.com/lib/display/?lid=8021006100000$yJapanKnowledge Lib
=880  10$6245-01$aインカ文明 /$cアンリ・ファーヴル著 ; 小池佑二訳.
=880  \1$6264-02$a東京 :$b白水社,$c1977.
=880  1\$6490-03$a文庫クセジュ ;$v610
=880  1\$6700-04$a小池佑二,$etranslator.
=880  \0$6830-05$a文庫クセジュ ;$v610.
=859  \\$aORR$bJapanKnowledge
=CAT  \\$aW1704-1242$b00$c20170509$lBLL01$h0927
=CAT  \\$aBATCH-UPD$b00$c20170509$lBLL01$h0932
=CAT  \\$aW2003-0365$c20200305$lBLL01$h1101
=FIN  \\$aY$d20170509
=SID  \\$aZ30$bOCLC
=SRC  \\$aJapanKnowledge_2017$bJK_OCLC20170203.mrc
=LAS  \\$aW2003-0365$b00$c20200305$lBLL01$h1101

