=LDR  02862 am a22007217a 4500
=001  018337985
=003  Uk
=005  20170106042923.0
=006  m\\\\\o\\d\\\\\\\\
=007  cr\|||||||||||
=008  100311s1986\\\\ja\a\\\\o\\\\\000\0\jpn\d
=FMT  \\$a  BK
=019  \\$a637219357$a637219371
=020  \\$z4582804608
=020  \\$z9784582804607
=035  \\$a(OCoLC)551676469$z(OCoLC)637219357$z(OCoLC)637219371
=040  \\$aOCLCE$beng$cOCLCE$dOCLCQ$dCUS$dOCLCQ$dOCLCO$dOCLCQ$dOCLCF$dOCL$dYUS$dOCLCO$dYUS$dOCLCO$dOCL$dOCLCQ$dYUS$dOCLCO$dUk$epn
=041  1\$ajpn$hchi
=042  \\$adlr
=043  \\$aa-cc---
=050  \4$aDS748$b.P3616 1986
=100  1\$6880-01$aBan, Gu,$d32-92
=240  10$6880-02$aHan shu wu xing zhi.$lJapanese
=245  10$6880-03$aKanjo gogyōshi /$cHan Ko ; Tomiya Itaru, Yoshikawa Tadao yakuchū.
=250  \\$6880-04$aShohan.
=260  \\$6880-05$aTōkyō :$bHeibonsha,$c1986.
=300  \\$a1 online resource (iv, 355, 16 pages) :$billustrations.
=336  \\$atext$btxt$2rdacontent
=337  \\$acomputer$bc$2rdamedia
=338  \\$aonline resource$bcr$2rdacarrier
=490  1\$6880-06$aTōyō bunko ;$v460
=588  0\$aPrint version record.
=648  \7$a202 B.C.-220 A.D$2fast
=650  \0$aFive agents (Chinese philosophy)
=650  \7$aFive agents (Chinese philosophy)$2fast$0(OCoLC)fst00926877
=650  \7$aHan Dynasty (China).$2fast$0(OCoLC)fst01696746
=651  \0$aChina$xHistory$yHan dynasty, 202 B.C.-220 A.D.
=651  \7$aChina.$2fast$0(OCoLC)fst01206073
=655  \7$aHistory.$2fast$0(OCoLC)fst01411628
=700  1\$6880-07$aTomiya, Itaru,$d1952-
=700  1\$6880-08$aYoshikawa, Tadao,$d1937-
=773  0\$tJapanKnowledge
=776  08$iPrint version:$aBan, Gu, 32-92.$sHan shu wu xing zhi. Japanese.$tKanjo gogyōshi.$bShohan.$dTōkyō : Heibonsha, 1986
=830  \0$6880-09$aTōyō bunko$v460.
=856  40$3JapanKnowledge$uhttp://japanknowledge.com/lib/display/?lid=80010V0460P0002$yJapanKnowledge Lib
=880  1\$6100-01/{dollar}1$a班固,$d32-92.
=880  10$6240-02/{dollar}1$a漢書五行志.$lJapanese
=880  10$6245-03/{dollar}1$a漢書五行志 /$c班固 ; 冨谷至, 吉川忠夫訳注.
=880  \\$6250-04/{dollar}1$a初版.
=880  \\$6260-05/{dollar}1$a東京 :$b平凡社,$c1986.
=880  1\$6490-06/{dollar}1$a東洋文庫 ;$v460
=880  1\$6700-07/{dollar}1$a冨谷至,$d1952-
=880  1\$6700-08/{dollar}1$a吉川忠夫,$d1937-
=880  \0$6830-09/{dollar}1$a東洋文庫 ;$v460.
=859  \\$aORR$bJapanKnowledge
=CAT  \\$aW1704-1242$b00$c20170509$lBLL01$h0927
=CAT  \\$aBATCH-UPD$b00$c20170509$lBLL01$h0932
=CAT  \\$aBATCH-UPD$b00$c20170509$lBLL01$h0939
=CAT  \\$aW2003-0365$c20200305$lBLL01$h1101
=FIN  \\$aY$d20170509
=SID  \\$aZ30$bOCLC
=SRC  \\$aJapanKnowledge_2017$bJK_OCLC20170203.mrc
=LAS  \\$aW2003-0365$b00$c20200305$lBLL01$h1101

