=LDR  02867 am a22006857a 4500
=001  018337986
=003  Uk
=005  20170106042923.0
=006  m\\\\\o\\d\\\\\\\\
=007  cr\|||||||||||
=008  100626s1968\\\\ja\\\\\\o\\\\\001\0\jpn\d
=FMT  \\$a  BK
=019  \\$a297977679
=035  \\$a(OCoLC)643993384$z(OCoLC)297977679
=040  \\$aOCLCE$beng$cOCLCE$dOCLCQ$dOCLCO$dOCLCQ$dOCLCO$dCUS$dOCLCF$dOCLCO$dOCL$dYUS$dOCLCO$dYUS$dOCLCO$dOCL$dOCLCQ$dYUS$dOCLCO$dUk$epn
=042  \\$adlr
=043  \\$aa-ja---
=050  \4$aDS896.6$b.S24 1968
=100  1\$6880-01$aSaitō, Gesshin,$d1804-1878
=245  10$6880-02$aBukō nenpyō /$cSaitō Gesshin cho ; Kaneko Mitsuharu kōtei.
=250  \\$6880-03$aZōtei.
=260  \\$6880-04$aTōkyō :$bHeibonsha,$c1968.
=300  \\$a1 online resource (2 volumes).
=336  \\$atext$btxt$2rdacontent
=337  \\$acomputer$bc$2rdamedia
=338  \\$aonline resource$bcr$2rdacarrier
=490  1\$6880-05$aTōyō bunko ;$v116, 118
=500  \\$aIncludes index.
=505  0\$aKokusho Kankōkai sōsho shoshū no "Zōtei Bukō nenpyō" o teihon.
=588  0\$aPrint version record.
=648  \7$a1600-1868$2fast
=651  \0$aTokyo (Japan)$xHistory$vChronology.
=651  \0$aTokyo (Japan)$xHistory$yTokugawa period, 1600-1868$vChronology.
=651  \7$aJapan$zTokyo.$2fast$0(OCoLC)fst01204835
=655  \7$aChronologies.$2fast$0(OCoLC)fst01423901
=655  \7$aHistory.$2fast$0(OCoLC)fst01411628
=700  1\$6880-06,$aKaneko, Mitsuharu,$d1895-1975$eeditor.
=773  0\$tJapanKnowledge
=776  08$iPrint version:$aSaitō, Gesshin, 1804-1878.$tBukō nenpyō.$bZōtei.$dTōkyō : Heibonsha, 1968
=830  \0$6880-07$aTōyō bunko$v116, 118.
=856  40$3JapanKnowledge Volume 1$uhttp://japanknowledge.com/lib/display/?lid=80010V0116P0002$yJapanKnowledge Lib
=856  40$3JapanKnowledge Volume 2$uhttp://japanknowledge.com/lib/display/?lid=80010V0118P0002$yJapanKnowledge Lib
=880  1\$6100-01/{dollar}1$a斎藤月岑,$d1804-1878.
=880  10$6245-02/{dollar}1$a武江年表 /$c斎藤月岑著 ; 金子光晴校訂.
=880  \\$6250-03/{dollar}1$a增訂.
=880  \\$6260-04/{dollar}1$a東京 :$b平凡社,$c1968.
=880  3\$6246-00/{dollar}1$a增訂武江年表
=880  1\$6490-00/{dollar}1$a東洋文庫 ;$v116, 118
=880  1\$6490-05/{dollar}1$a東洋文庫 ;$v116, 118
=880  1\$6700-06/{dollar}1$a金子光晴,$d1895-1975,$eeditor.
=880  \0$6830-00/{dollar}1$a東洋文庫 ;$v116, etc.
=880  \0$6830-07/{dollar}1$a東洋文庫 ;$v116, 118.
=859  \\$aORR$bJapanKnowledge
=CAT  \\$aW1704-1242$b00$c20170509$lBLL01$h0927
=CAT  \\$aBATCH-UPD$b00$c20170509$lBLL01$h0932
=CAT  \\$aW2003-0365$c20200305$lBLL01$h1101
=FIN  \\$aY$d20170509
=SID  \\$aZ30$bOCLC
=SRC  \\$aJapanKnowledge_2017$bJK_OCLC20170203.mrc
=LAS  \\$aW2003-0365$b00$c20200305$lBLL01$h1101

