=LDR  02520 am a22006377a 4500
=001  018337987
=003  Uk
=005  20170106042924.0
=006  m\\\\\o\\d\\\\\\\\
=007  cr\un|||||||||
=008  120329s1995\\\\ja\a\\\\ob\\\\000\0\jpn\d
=FMT  \\$a  BK
=020  \\$z4582805965
=020  \\$z9784582805963
=035  \\$a(OCoLC)781956463
=040  \\$aCUS$beng$cCUS$dOCLCQ$dOCLCF$dOCLCO$dYUS$dOCLCQ$dOCLCO$dYUS$dOCLCO$dOCLCQ$dYUS$dOCLCO$dUk
=043  \\$aa-ja---
=050  \4$aPL726.55$b.S563 1995
=100  1\$6880-01$aShinmura, Izuru,$d1876-1967
=245  10$6880-02$aNanban sarasa /$cShinmura Izuru cho ; Komei Rikiya kaisetsu.
=250  \\$6880-03$aShohan.
=260  \\$6880-04$aTōkyō :$bHeibonsha,$c1995.
=300  \\$a1 online resource (422 pages) :$billustrations.
=336  \\$atext$btxt$2rdacontent
=337  \\$acomputer$bc$2rdamedia
=338  \\$aonline resource$bcr$2rdacarrier
=490  1\$6880-05$aTōyō Bunko ;$v596
=504  \\$aIncludes bibliographical references.
=588  0\$aPrint version record.
=648  \7$aSince 1868$2fast
=650  \0$aChristianity in literature.
=650  \0$aJapanese literature$y1868-$xHistory and criticism.
=650  \7$aChristianity in literature.$2fast$0(OCoLC)fst00859755
=650  \7$aJapanese literature.$2fast$0(OCoLC)fst00981803
=655  \7$aCriticism, interpretation, etc.$2fast$0(OCoLC)fst01411635
=700  1\$6880-06$aKomei, Rikiya,$d1955-2008
=773  0\$tJapanKnowledge
=776  08$iPrint version:$aShinmura, Izuru, 1876-1967.$tNanban sarasa.$bShohan.$dTōkyō : Heibonsha, 1995$z4582805965
=830  \0$6880-07$aTōyō bunko$v596.
=856  40$3JapanKnowledge$uhttp://japanknowledge.com/lib/display/?lid=80010V0596P0002$yJapanKnowledge Lib
=880  1\$6100-01/{dollar}1$a新村出,$d1876-1967.
=880  10$6245-02/{dollar}1$a南蛮更紗 /$c新村出著 ; 米井力也解說.
=880  \\$6250-03/{dollar}1$a初版.
=880  \\$6260-04/{dollar}1$a東京 :$b平凡社,$c1995.
=880  1\$6490-05/{dollar}1$a東洋文庫 ;$v596
=880  1\$6700-06/{dollar}1$a米井力也,$d1955-2008.
=880  \0$6830-07/{dollar}1$a東洋文庫 ;$v596.
=859  \\$aORR$bJapanKnowledge
=CAT  \\$aW1704-1242$b00$c20170509$lBLL01$h0927
=CAT  \\$aBATCH-UPD$b00$c20170509$lBLL01$h0932
=CAT  \\$aBATCH-UPD$b00$c20170509$lBLL01$h0939
=CAT  \\$aW2003-0365$c20200305$lBLL01$h1101
=FIN  \\$aY$d20170509
=SID  \\$aZ30$bOCLC
=SRC  \\$aJapanKnowledge_2017$bJK_OCLC20170203.mrc
=LAS  \\$aW2003-0365$b00$c20200305$lBLL01$h1101

