=LDR  02678 am a22006377i 4500
=001  018337988
=003  Uk
=005  20170106042924.0
=006  m\\\\\o\\d\\\\\\\\
=007  cr\|||||||||||
=008  100630m19631964ja\\\\\\ob\\\\000\1\jpn\d
=FMT  \\$a  BK
=019  \\$a300960919
=035  \\$a(OCoLC)645378005$z(OCoLC)300960919
=040  \\$aOCLCE$beng$cOCLCE$dOCLCO$dOCLCQ$dCUS$dOCLCF$dYUS$dOCLCO$dYUS$dOCLCO$dOCLCQ$dOCL$dYUS$dOCLCO$dUk$epn
=042  \\$adlr
=050  \4$aAC145$b.T6V.2ETC
=050  \4$aPL779.C8$bM283
=100  1\$6880-01$aMaeno, Naoaki,$d1920-1998
=245  10$6880-02$aTōdai denkishū /$cMaeno Naoaki hen'yaku.
=246  3\$aTōdai denki shū
=260  \\$6880-03$aTōkyō :$bHeibonsha,$cShōwa 38-39 [1963-1964]
=300  \\$a1 online resource (2 volumes).
=336  \\$atext$btxt$2rdacontent
=337  \\$acomputer$bc$2rdamedia
=338  \\$aonline resource$bcr$2rdacarrier
=490  1\$6880-04$aTōyō bunko ;$v2, 16
=504  \\$aIncludes bibliographical references.
=588  0\$aPrint version record.
=648  \7$a618-907$2fast
=650  \0$aChinese fiction$yTang dynasty, 618-907$xTranslations into Japanese.
=650  \0$aChinese fiction$yTang dynasty, 618-907.
=650  \0$aFantasy fiction, Chinese$xTranslations into Japanese.
=650  \7$aChinese fiction.$2fast$0(OCoLC)fst00857362
=650  \7$aFantasy fiction, Chinese.$2fast$0(OCoLC)fst00920746
=650  \7$aTang Dynasty (China)$2fast$0(OCoLC)fst01696781
=655  \7$aTranslations.$2fast$0(OCoLC)fst01423791
=773  0\$tJapanKnowledge
=776  08$iPrint version:$aMaeno, Naoaki, 1920-1998.$tTōdai denkishū.$dTōkyō : Heibonsha, Shōwa 38-39 [1963-1964]
=830  \0$6880-05$aTōyō bunko$v2, etc.
=856  40$3JapanKnowledge Volume 1$uhttp://japanknowledge.com/lib/display/?lid=80010V0002P0002$yJapanKnowledge Lib
=856  40$3JapanKnowledge Volume 2$uhttp://japanknowledge.com/lib/display/?lid=80010V0016P0002$yJapanKnowledge Lib
=880  1\$6100-01/{dollar}1$a前野直彬,$d1920-1998.
=880  10$6245-02/{dollar}1$a唐代伝奇集 /$c前野直彬編訳.
=880  \\$6260-03/{dollar}1$a東京 :$b平凡社,$c昭和38-39 [1963-1964]
=880  1\$6490-04/{dollar}1$a東洋文庫 ;$v2, 16
=880  \0$6830-05/{dollar}1$a東洋文庫 ;$v2, etc.
=859  \\$aORR$bJapanKnowledge
=CAT  \\$aW1704-1242$b00$c20170509$lBLL01$h0927
=CAT  \\$aBATCH-UPD$b00$c20170509$lBLL01$h0932
=CAT  \\$aBATCH-UPD$b00$c20170509$lBLL01$h0939
=CAT  \\$aW2003-0365$c20200305$lBLL01$h1101
=FIN  \\$aY$d20170509
=SID  \\$aZ30$bOCLC
=SRC  \\$aJapanKnowledge_2017$bJK_OCLC20170203.mrc
=LAS  \\$aW2003-0365$b00$c20200305$lBLL01$h1101

