=LDR  02550 am a22006254i 4500
=001  018337989
=003  Uk
=005  20190502071508.0
=006  m\\\\\o\\d\\\\\\\\
=007  cr\|||||||||||
=008  151113s1975\\\\ja\\\\\\ob\\\\000\0\jpn\d
=FMT  \\$a  BK
=020  \\$z4560055793
=020  \\$z9784560055793
=035  \\$a(OCoLC)929029111
=040  \\$aWTU$beng$cYUS$dOCLCO$dYUS$dOCLCO$dOCLCF$dOCLCO$dUk$erda$epn
=041  1\$ajpn$hfre
=100  1\$aJoset, Jacques,$d1943-$eauthor.
=240  10$aLittérature hispano-américaine.$lJapanese
=245  10$6880-01$aRaten Amerika bungakushi /$cJakku Joze cho ; Takami Eiichi, Tsuzumi Tadashi kyōyaku.
=264  \1$6880-02$aTōkyō :$bHakusuisha,$c1975.
=300  \\$a1 online resource.
=336  \\$atext$btxt$2rdacontent
=337  \\$acomputer$bc$2rdamedia
=338  \\$aonline resource$bcr$2rdacarrier
=490  1\$6880-03$aBunko kuseju ;$v579
=504  \\$aIncludes bibliographical references.
=588  \\$aDescription based on print version.
=650  \0$aSpanish American literature$xHistory and criticism.
=650  \7$aSpanish American literature.$2fast$0(OCoLC)fst01128195
=655  \7$aCriticism, interpretation, etc.$2fast$0(OCoLC)fst01411635
=700  1\$6880-04$aTakami, Eiichi,$etranslator.
=700  1\$6880-05,$aTsuzumi, Tadashi,$d1930-2019$etranslator.
=700  1\$iTranslation of:$aJoset, Jacques,$d1943-$tLittérature hispano-américaine.
=773  0\$tJapanKnowledge
=776  08$iPrint version:$tRaten amerika bungakushi
=830  \0$6880-06$aBunko kuseju$v579.
=856  40$3JapanKnowledge$uhttp://japanknowledge.com/lib/display/?lid=8021005790000$yJapanKnowledge Lib
=880  10$6245-01$aラテンアメリカ文学史 /$cジャック・ジョゼ著 ; 高見英一, 鼓直共訳.
=880  \1$6264-02$a東京 :$b白水社,$c1975.
=880  1\$6490-03$a文庫クセジュ ;$v579
=880  1\$6700-04$a高見英一,$etranslator.
=880  1\$6700-05$a鼓直,$d1930-$etranslator.
=880  \0$6830-06$a文庫クセジュ ;$v579.
=859  \\$aORR$bJapanKnowledge
=CAT  \\$aW1704-1242$b00$c20170509$lBLL01$h0927
=CAT  \\$aBATCH-UPD$b00$c20170509$lBLL01$h0932
=CAT  \\$aBATCH-UPD$b00$c20170509$lBLL01$h0939
=CAT  \\$a8962$b40$c20190502$lBLL01$h0715
=CAT  \\$aBATCH-UPD$b40$c20191021$lBLL01$h2049
=CAT  \\$aW2003-0365$c20200305$lBLL01$h1101
=FIN  \\$aY$d20170509
=SID  \\$aZ30$bOCLC
=SRC  \\$aJapanKnowledge_2017$bJK_OCLC20170203.mrc
=LAS  \\$aW2003-0365$b00$c20200305$lBLL01$h1101

