=LDR  02722 am a22006374i 4500
=001  018337990
=003  Uk
=005  20170106042925.0
=006  m\\\\\o\\d\\\\\\\\
=007  cr\|||||||||||
=008  151112s2002\\\\ja\a\\\\ob\\\\000\0\jpn\d
=FMT  \\$a  BK
=020  \\$z4096580775
=020  \\$z9784096580776
=035  \\$a(OCoLC)928950407
=040  \\$aYUS$beng$cYUS$dOCLCO$dYUS$dOCLCO$dYUS$dOCLCO$dUk$erda$epn
=050  \4$aPL768.J6$bJ67 2002
=245  00$6880-01$aJōrurishū :$bKanadehon Chūshingura, Futatsu chōchō kuruwa nikki, Imoseyama onna teikin, Go taiheiki shiraishibanashi /$ckōchū, yaku Torigoe Bunzō [and others].
=264  \1$6880-03$aTōkyō :$bShōgakkan,$c2002.
=300  \\$a1 online resource.
=336  \\$atext$btxt$2rdacontent
=337  \\$acomputer$bc$2rdamedia
=338  \\$aonline resource$bcr$2rdacarrier
=490  1\$6880-05$aShinpen Nihon koten bungaku zenshū ;$v77
=504  \\$aIncludes bibliographical references.
=505  1\$aKanadehon Chūshingura -- Futatsu chōchō kuruwa nikki -- Imoseyama onna teikin -- Go taiheiki shiraishibanashi.
=588  \\$aDescription based on print version.
=650  \0$aJōruri.
=650  \7$aJōruri.$2fast$0(OCoLC)fst00985527
=700  1\$6880-06$aTorigoe, Bunzō,$d1931-
=740  02$6880-07$aKanadehon Chūshingura.
=740  02$6880-08$aFutatsu chōchō kuruwa nikki.
=740  02$6880-09$aImoseyama onna teikin.
=740  02$6880-10$aGo taiheiki shiraishibanashi.
=773  0\$tJapanKnowledge
=776  08$iPrint version:$tJōrurishū
=830  \0$6880-11$aShinpen Nihon koten bungaku zenshū$v77.
=856  40$3JapanKnowledge$uhttp://japanknowledge.com/lib/display/?lid=80110V00770001$yJapanKnowledge Lib
=880  00$6245-01$a浄瑠璃集 :$b仮名手本忠臣蔵・双蝶蝶曲輪日記・妹背山婦女庭訓・碁太平記白石噺 /$c校注・訳鳥越文蔵 [and others].
=880  \1$6264-03$a東京 :$b小学館,$c2002.
=880  1\$6490-05$a新編日本古典文学全集 ;$v77
=880  1\$6700-06$a鳥越文蔵,$d1931-
=880  02$6740-07$a仮名手本忠臣蔵.
=880  02$6740-08$a双蝶蝶曲輪日記.
=880  02$6740-09$a妹背婦女庭訓.
=880  02$6740-10$a碁太平記白石噺.
=880  \0$6830-11$a新編日本古典文学全集 ;$v77.
=859  \\$aORR$bJapanKnowledge
=CAT  \\$aW1704-1242$b00$c20170509$lBLL01$h0927
=CAT  \\$aBATCH-UPD$b00$c20170509$lBLL01$h0932
=CAT  \\$aW2003-0365$c20200305$lBLL01$h1101
=CAT  \\$aBATCH-UPD$b00$c20200918$lBLL01$h2045
=FIN  \\$aY$d20170509
=SID  \\$aZ30$bOCLC
=SRC  \\$aJapanKnowledge_2017$bJK_OCLC20170203.mrc
=LAS  \\$aBATCH-UPD$b00$c20200918$lBLL01$h2045

