=LDR  03817 am a22008414i 4500
=001  018337991
=003  Uk
=005  20190416091925.0
=006  m\\\\\o\\d\\\\\\\\
=007  cr\|||||||||||
=008  151112s1995\\\\ja\ab\\\ob\\\\001\0cjpn\d
=FMT  \\$a  BK
=020  \\$z4096580139
=020  \\$z9784096580134
=035  \\$a(OCoLC)928950231
=040  \\$aYUS$beng$cYUS$dOCLCO$dYUS$dOCL$dOCLCO$dYUS$dOCLCO$dUk$erda$epn
=043  \\$aa-ja---
=050  \4$aPL788.3.Z5$bA3 1995
=100  1\$6880-01,$aKi, Tsurayuki,$d-945 or 946$eauthor.
=245  10$6880-02$aTosa nikki /$c[Ki Tsurayuki]. Kagerō nikki / [Michitsuna no haha] ; kochū, yaku Kikuchi Yasuhiko, Kimura Masanori, Imuta Tsunehisa.
=264  \1$6880-03$aTōkyō :$bShōgakkan,$c1995.
=300  \\$a1 online resource.
=336  \\$atext$btxt$2rdacontent
=337  \\$acomputer$bc$2rdamedia
=338  \\$aonline resource$bcr$2rdacarrier
=490  1\$6880-04$aShinpen Nihon koten bungaku zenshū ;$v13
=504  \\$aIncludes bibliographical references (pages 430-436) and index.
=588  \\$aDescription based on print version.
=600  00$6880-05$aMichitsuna no Haha,$dapproximately 935-995$vDiaries.
=600  07$aMichitsuna no Haha,$dapproximately 935-995$2fast$0(OCoLC)fst01834786
=600  10$6880-06$aKi, Tsurayuki,$d-945 or 946$vDiaries.
=600  17$aKi, Tsurayuki,$d-945 or 946$2fast$0(OCoLC)fst01828661
=648  \7$a794 - 1185$2fast
=650  \7$aAuthors, Japanese$2fast$0(OCoLC)fst00822144
=650  \0$aAuthors, Japanese$yHeian period, 794-1185$vDiaries.
=650  \0$aJapanese diaries$yHeian period, 794-1185.
=650  \7$aAuthors, Japanese$xHeian period.$2fast$0(OCoLC)fst01711023
=650  \7$aJapanese diaries$xHeian period.$2fast$0(OCoLC)fst01711073
=655  \7$aDiaries.$2fast$0(OCoLC)fst01423794
=700  02$6880-07.$aMichitsuna no Haha,$dapproximately 935-995$tKagerō nikki.
=700  1\$6880-08$aKikuchi, Yasuhiko,$d1936-2001
=700  1\$6880-09$aKimura, Masanori,$d1926-2003
=700  1\$6880-10$aImuta, Tsunehisa,$d1931-
=740  02$6880-11$aKagerō nikki.
=773  0\$tJapanKnowledge
=776  08$iPrint version:$tTosa nikki
=830  \0$6880-12$aShinpen Nihon koten bungaku zenshū$v13.
=856  40$3JapanKnowledge Volume 2$uhttp://japanknowledge.com/lib/display/?lid=80110V00130081$yJapanKnowledge Lib
=856  40$3JapanKnowledge Volume 1$uhttp://japanknowledge.com/lib/display/?lid=80110V00130009$yJapanKnowledge Lib
=880  1\$6100-01/{dollar}1$a紀貫之,$d-945 or 946,$eauthor
=880  10$6245-02/{dollar}1$a土佐日記 /$c[紀貫之]. 蜻蛉日記 / [道綱の母] ; 校注・訳菊地靖彥, 木村正中, 伊牟田経久.
=880  \1$6264-03/{dollar}1$a東京 :$b小学館,$c1995.
=880  1\$6490-04/{dollar}1$a新編日本古典文学全集 ;$v13
=880  04$6600-05/{dollar}1$a道綱の母,$dapproximately 935-995$vDiaries.
=880  14$6600-06/{dollar}1$a紀貫之,$d-945 or 946$vDiaries.
=880  02$6700-07/{dollar}1$a道綱の母,$dapproximately 935-995.$t蜻蛉日記.
=880  1\$6700-08/{dollar}1$a菊地靖彥,$d1936-
=880  1\$6700-09/{dollar}1$a木村正中,$d1926-
=880  1\$6700-10/{dollar}1$a伊牟田経久,$d1931-
=880  02$6740-11/{dollar}1$a蜻蛉日記.
=880  \0$6830-12/{dollar}1$a新編日本古典文学全集 ;$v13.
=859  \\$aORR$bJapanKnowledge
=CAT  \\$aW1704-1242$b00$c20170509$lBLL01$h0927
=CAT  \\$aBATCH-UPD$b00$c20170509$lBLL01$h0932
=CAT  \\$aBATCH-UPD$b00$c20170509$lBLL01$h0939
=CAT  \\$a5100$b40$c20190416$lBLL01$h0919
=CAT  \\$aBATCH-UPD$b40$c20190416$lBLL01$h0920
=CAT  \\$aW2003-0365$c20200305$lBLL01$h1101
=CAT  \\$aBATCH-UPD$b00$c20200918$lBLL01$h2045
=FIN  \\$aY$d20170509
=SID  \\$aZ30$bOCLC
=SRC  \\$aJapanKnowledge_2017$bJK_OCLC20170203.mrc
=LAS  \\$aBATCH-UPD$b00$c20200918$lBLL01$h2045

