=LDR  02291 am a22006014i 4500
=001  018337992
=003  Uk
=005  20170106042925.0
=006  m\\\\\o\\d\\\\\\\\
=007  cr\|||||||||||
=008  151113s1984\\\\ja\\\\\\ob\\\\000\0\jpn\d
=FMT  \\$a  BK
=020  \\$z456005665X
=020  \\$z9784560056653
=035  \\$a(OCoLC)929031116
=040  \\$aCNEAL$beng$cYUS$dOCLCO$dYUS$dOCLCO$dOCLCF$dOCL$dUk$erda$epn
=041  1\$ajpn$hfre
=050  \4$aF1411$b.M33167 1984
=100  1\$aMahn-Lot, Marianne,$eauthor.
=245  10$6880-01$aIsupano Amerika no seifuku /$cMariannu Manro cho cho ; Someda Hidefuji yaku.
=264  \1$6880-02$aTōkyō :$bHakusuisha,$c1984.
=300  \\$a1 online resource.
=336  \\$atext$btxt$2rdacontent
=337  \\$acomputer$bc$2rdamedia
=338  \\$aonline resource$bcr$2rdacarrier
=490  1\$6880-03$aBunko kuseju ;$v665
=504  \\$aIncludes bibliographical references.
=588  \\$aDescription based on print version.
=648  \7$a1500-1599$2fast
=650  \7$aSpanish colonies.$2fast$0(OCoLC)fst01930866
=651  \0$aLatin America$xHistory$y16th century.
=651  \0$aSpain$xColonies$zLatin America.
=651  \7$aLatin America.$2fast$0(OCoLC)fst01245945
=655  \7$aHistory.$2fast$0(OCoLC)fst01411628
=700  1\$6880-04$aSomeda, Hidefuji,$d1944-
=730  0\$aConquēte de l'Amérique Espagnole.
=773  0\$tJapanKnowledge
=776  08$iPrint version:$tIsupano amerika no seifuku
=830  \0$6880-05$aBunko kuseju$v665.
=856  40$3JapanKnowledge$uhttp://japanknowledge.com/lib/display/?lid=8021006650000$yJapanKnowledge Lib
=880  10$6245-01/{dollar}1$aイスパノアメリカの征服 /$cマリアンヌ・マン=ロ著 ; 染田秀藤訳.
=880  \1$6264-02/{dollar}1$a東京 :$b白水社,$c1984.
=880  1\$6490-03/{dollar}1$a文庫クセジュ ;$v665
=880  1\$6700-04/{dollar}1$a染田秀藤,$d1944-
=880  \0$6830-05/{dollar}1$a文庫クセジュ ;$v665.
=859  \\$aORR$bJapanKnowledge
=CAT  \\$aW1704-1242$b00$c20170509$lBLL01$h0927
=CAT  \\$aBATCH-UPD$b00$c20170509$lBLL01$h0932
=CAT  \\$aW2003-0365$c20200305$lBLL01$h1101
=FIN  \\$aY$d20170509
=SID  \\$aZ30$bOCLC
=SRC  \\$aJapanKnowledge_2017$bJK_OCLC20170203.mrc
=LAS  \\$aW2003-0365$b00$c20200305$lBLL01$h1101

