=LDR  02150 am a22005894i 4500
=001  018337993
=003  Uk
=005  20170106042925.0
=006  m\\\\\o\\d\\\\\\\\
=007  cr\|||||||||||
=008  151113s1999\\\\ja\\\\\\o\\\\\000\0\jpn\d
=FMT  \\$a  BK
=020  \\$z4560058164
=020  \\$z9784560058169
=035  \\$a(OCoLC)929030535
=040  \\$aYUS$beng$cYUS$dYUS$dOCLCO$dOCLCF$dUk$erda$epn
=041  1\$ajpn$hfre
=043  \\$ae-fr---
=245  00$6880-01$aKorushikatō /$cJanīnu Renucchi cho ; Hasegawa Hideki, Atsumi Fumi yaku.
=264  \1$6880-02$aTōkyō :$bHakusuisha,$c1999.
=300  \\$a1 online resource.
=336  \\$atext$btxt$2rdacontent
=337  \\$acomputer$bc$2rdamedia
=338  \\$aonline resource$bcr$2rdacarrier
=490  1\$6880-03$aBunko kuseju ;$v816
=588  \\$aDescription based on print version.
=651  \0$aCorsica (France)$xHistory, Local.
=651  \7$aFrance$zCorsica.$2fast$0(OCoLC)fst01213896
=655  \7$aLocal history.$2fast$0(OCoLC)fst01411631
=700  1\$6880-04$aHasegawa, Hideki,$d1970-
=700  1\$6880-05$aAtsumi, Fumi.
=700  1\$aRenucci, Janine.
=730  0\$aCorse.
=773  0\$tJapanKnowledge
=776  08$iPrint version:$tKorushikatō.
=830  \0$6880-06$aBunko kuseju$v816.
=856  40$3JapanKnowledge$uhttp://japanknowledge.com/lib/display/?lid=8021008160000$yJapanKnowledge Lib
=880  00$6245-01/{dollar}1$aコルシカ島 /$cジャニーヌ・レヌッチ著 ; 長谷川秀樹, 渥美史訳.
=880  \1$6264-02/{dollar}1$a東京 :$b白水社,$c1999.
=880  1\$6490-03/{dollar}1$a文庫クセジュ ;$v816
=880  1\$6700-04/{dollar}1$a長谷川秀樹,$d1970-
=880  1\$6700-05/{dollar}1$a渥美史.
=880  \0$6830-06/{dollar}1$a文庫クセジュ ;$v816.
=859  \\$aORR$bJapanKnowledge
=CAT  \\$aW1704-1242$b00$c20170509$lBLL01$h0927
=CAT  \\$aBATCH-UPD$b00$c20170509$lBLL01$h0932
=CAT  \\$aBATCH-UPD$b00$c20170509$lBLL01$h0939
=CAT  \\$aW2003-0365$c20200305$lBLL01$h1101
=FIN  \\$aY$d20170509
=SID  \\$aZ30$bOCLC
=SRC  \\$aJapanKnowledge_2017$bJK_OCLC20170203.mrc
=LAS  \\$aW2003-0365$b00$c20200305$lBLL01$h1101

