=LDR  02657 am a22006377i 4500
=001  018337994
=003  Uk
=005  20170106042926.0
=006  m\\\\\o\\d\\\\\\\\
=007  cr\|||||||||||
=008  100626s1979\\\\ja\a\\\\o\\\\\000\0\jpn\d
=FMT  \\$a  BK
=019  \\$a297381678
=035  \\$a(OCoLC)644113608$z(OCoLC)297381678
=040  \\$aOCLCE$beng$cOCLCE$dCUS$dOCLCQ$dOCLCF$dYUS$dOCLCO$dOCLCA$dYUS$dOCLCO$dOCLCQ$dYUS$dOCLCO$dUk$epn
=042  \\$adlr
=043  \\$aa-ja---
=050  \4$aAC145$b.T75 v.346, 361
=100  1\$6880-01$aAsai, Ryōi,$d1612?-1691?
=245  10$6880-02$aTōkaidō meisho no ki /$cAsai Ryōi ; Asakura Haruhiko kōchū.
=250  \\$6880-03$aShohan.
=260  \\$6880-04$aTōkyō :$bHeibonsha,$c1979.
=300  \\$a1 online resource (2 volumes) :$billustrations.
=336  \\$atext$btxt$2rdacontent
=337  \\$acomputer$bc$2rdamedia
=338  \\$aonline resource$bcr$2rdacarrier
=490  1\$6880-05$aTōyō bunko ;$v346, 361
=588  0\$aPrint version record.
=600  10$6880-06$aAsai, Ryōi,$d1612?-1691?
=600  17$aAsai, Ryōi,$d1612?-1691?$2fast$0(OCoLC)fst00072700
=650  \7$aTravel.$2fast$0(OCoLC)fst01155558
=651  \0$6880-07$aTōkaidō (Japan)$xDescription and travel.
=651  \7$aJapan$zTōkaidō.$2fast$0(OCoLC)fst01240201
=700  1\$6880-08$aAsakura, Haruhiko,$d1924-2013
=773  0\$tJapanKnowledge
=776  08$iPrint version:$aAsai, Ryōi, 1612?-1691?$tTōkaidō meisho no ki.$dTōkyō : Heibonsha, 1979
=830  \0$6880-09$aTōyō bunko$v346, 361.
=856  40$3JapanKnowledge Volume 1$uhttp://japanknowledge.com/lib/display/?lid=80010V0346P0002$yJapanKnowledge Lib
=856  40$3JapanKnowledge Volume 2$uhttp://japanknowledge.com/lib/display/?lid=80010V0361P0002$yJapanKnowledge Lib
=880  1\$6100-01/{dollar}1$a浅井了意,$d1612?-1691?
=880  10$6245-02/{dollar}1$a東海道名所記 /$c浅井了意 ; 朝倉治彥校注.
=880  \\$6250-03/{dollar}1$a初版.
=880  \\$6260-04/{dollar}1$a東京 :$b平凡社,$c1979.
=880  1\$6490-05/{dollar}1$a東洋文庫 ;$v346, 361
=880  14$6600-06/{dollar}1$a浅井了意,$d1612?-1691?
=880  \4$6651-07/{dollar}1$a東海道 (Japan)$xDescription and travel.
=880  1\$6700-08/{dollar}1$a朝倉治彥,$d1924-
=880  \0$6830-09/{dollar}1$a東洋文庫 ;$v346, 361.
=859  \\$aORR$bJapanKnowledge
=CAT  \\$aW1704-1242$b00$c20170509$lBLL01$h0927
=CAT  \\$aBATCH-UPD$b00$c20170509$lBLL01$h0932
=CAT  \\$aW2003-0365$c20200305$lBLL01$h1101
=FIN  \\$aY$d20170509
=SID  \\$aZ30$bOCLC
=SRC  \\$aJapanKnowledge_2017$bJK_OCLC20170203.mrc
=LAS  \\$aW2003-0365$b00$c20200305$lBLL01$h1101

