=LDR  01810 as a2200481 i 4500
=001  018337995
=003  Uk
=005  20170106042926.0
=006  m\\\\\o\\d\\\\\\\\
=007  cr\un|||||||||
=008  090107c19uu9999ja\ar\\\od\\\\0\\\a0jpn\d
=FMT  \\$a  SE
=035  \\$a(OCoLC)297351993
=040  \\$aOCLCE$beng$cOCLCE$dOCLCQ$dOCLCO$dYUS$dOCLCO$dUk$erda$epn
=041  0\$ajpn$aeng
=245  00$6880-01$aJōhō chishiki imidas :$binnovative multi-information dictionary, annual series = imidasu.
=246  30$aImidas
=246  31$6880-02$aImidasu
=264  \1$6880-03$aTōkyō :$bShūeisha
=300  \\$a1 online resource
=310  \\$aAnnual
=336  \\$atext$btxt$2rdacontent
=337  \\$acomputer$bc$2rdamedia
=338  \\$aonline resource$bcr$2rdacarrier
=500  \\$aEach issue accompanied by supplement.
=588  \\$aDescription based on print version record.
=650  \0$aEncyclopedias and dictionaries, Japanese.
=650  \0$aWords, New$xJapanese$vDictionaries.
=650  \0$aJapanese language$xForeign words and phrases$vDictionaries.
=773  0\$tJapanKnowledge
=776  08$iPrint version:$tJōhō chishiki imidas
=856  40$3JapanKnowledge$uhttp://japanknowledge.com/lib/search/imidas/$yJapanKnowledge Lib
=880  00$6245-01/{dollar}1$a情報・知識 imidas :$binnovative multi-information dictionary, annual series = イミダス.
=880  31$6246-02/{dollar}1$aイミダス
=880  \1$6264-03/{dollar}1$a東京 :$b集英社
=859  \\$aORR$bJapanKnowledge
=CAT  \\$aW1704-1242$b00$c20170509$lBLL01$h0927
=CAT  \\$aBATCH-UPD$b00$c20170509$lBLL01$h0932
=CAT  \\$aW2003-0365$c20200305$lBLL01$h1101
=FIN  \\$aY$d20170509
=SID  \\$aZ30$bOCLC
=SRC  \\$aJapanKnowledge_2017$bJK_OCLC20170203.mrc
=LAS  \\$aW2003-0365$b00$c20200305$lBLL01$h1101

