=LDR  02616 am a22006377  4500
=001  018337996
=003  Uk
=005  20170106042926.0
=006  m\\\\\o\\d\\\\\\\\
=007  cr\un|||||||||
=008  090202s1973\\\\ja\ab\\\ob\\\\000\0ajpn\d
=FMT  \\$a  BK
=019  \\$a645454738
=035  \\$a(OCoLC)301159124$z(OCoLC)645454738
=040  \\$aOCLCE$beng$cOCLCE$dOCLCQ$dCUS$dOCLCQ$dOCLCO$dOCLCQ$dOCLCF$dYUS$dOCLCO$dYUS$dOCLCO$dOCLCQ$dYUS$dOCLCO$dUk$epn
=042  \\$adlr
=043  \\$aa-ja---
=050  \4$aDS894.59.N549$bS355 <Asian Japan>
=084  \\$a289.1$2njb/9
=100  1\$6880-01$aKawaji, Toshiakira,$d1801-1868
=245  10$6880-02$aShimane no susami$bSado Bugyō zaikin nikki,$cKawaji Toshiakira cho, Kawada Sadao kōchū.
=246  30$6880-03$aSado Bugyō zaikin nikki
=250  \\$6880-04$aShohan.
=260  \\$6880-05$aTōkyō,$bHeibonsha,$cShōwa 48 [1973]
=300  \\$a1 online resource (371 pages)$billustrations, maps.
=336  \\$atext$btxt$2rdacontent
=337  \\$acomputer$bc$2rdamedia
=338  \\$aonline resource$bcr$2rdacarrier
=490  1\$6880-06$aTōyō bunko,$v226
=504  \\$aIncludes bibliographical references (pages 362-367).
=588  0\$aPrint version record.
=651  \0$aSado Island (Japan)$xHistory$vSources.
=651  \7$aJapan$zSado Island.$2fast$0(OCoLC)fst01242051
=655  \7$aHistory.$2fast$0(OCoLC)fst01411628
=655  \7$aSources.$2fast$0(OCoLC)fst01423900
=700  1\$6880-07$aKawata, Sadao,$d1937-1995
=773  0\$tJapanKnowledge
=776  08$iPrint version:$aKawaji, Toshiakira, 1801-1868.$tShimane no susami.$dTōkyō, Heibonsha, Shōwa 48 [1973]
=830  \0$6880-08$aTōyō bunko$v226.
=856  40$3JapanKnowledge$uhttp://japanknowledge.com/lib/display/?lid=80010V0226P0002$yJapanKnowledge Lib
=880  1\$6100-01/{dollar}1$a川路聖謨,$d1801-1868.
=880  10$6245-02/{dollar}1$a島根のすさみ ;$b佐渡奉行在勤日記,$c川路聖謨著, 川田貞夫校注.
=880  30$6246-03/{dollar}1$a佐渡奉行在勤日記
=880  \\$6250-04/{dollar}1$a初版.
=880  \\$6260-05/{dollar}1$a東京,$b平凡社,$c昭和48 [1973]
=880  1\$6490-06/{dollar}1$a東洋文庫,$v226
=880  1\$6700-07/{dollar}1$a川田貞夫,$d1937-1995.
=880  \0$6830-08/{dollar}1$a東洋文庫 ;$v226.
=859  \\$aORR$bJapanKnowledge
=CAT  \\$aW1704-1242$b00$c20170509$lBLL01$h0927
=CAT  \\$aBATCH-UPD$b00$c20170509$lBLL01$h0932
=CAT  \\$aW2003-0365$c20200305$lBLL01$h1101
=FIN  \\$aY$d20170509
=SID  \\$aZ30$bOCLC
=SRC  \\$aJapanKnowledge_2017$bJK_OCLC20170203.mrc
=LAS  \\$aW2003-0365$b00$c20200305$lBLL01$h1101

