=LDR  02722 am a22006497i 4500
=001  018337997
=003  Uk
=005  20170106042927.0
=006  m\\\\\o\\d\\\\\\\\
=007  cr\|||||||||||
=008  100315s1977\\\\ja\bf\\\o\\\\\000\0bjpn\d
=FMT  \\$a  BK
=019  \\$a300956531
=035  \\$a(OCoLC)556370218$z(OCoLC)300956531
=040  \\$aOCLCE$beng$cOCLCE$dOCLCQ$dCUS$dOCLCQ$dOCLCF$dYUS$dOCLCO$dYUS$dOCLCO$dOCLCQ$dYUS$dOCLCO$dUk$epn
=042  \\$adlr
=043  \\$aa-ja---
=050  \4$aBL2222.K6$bA36 1977
=100  0\$6880-01$aKonkō Daijin,$d1814-1883
=245  10$6880-02$aKonkō Daijin oboe :$bminshū shūkyō no seiten Konkōkyō /$cKonkō Daijin ; Murakami Shigeyoshi kōchū.
=260  \\$6880-03$aTōkyō :$bHeibonsha,$cShōwa 52 [1977]
=300  \\$a1 online resource (iii, 275 pages, [2] leaves of plates) :$bmaps.
=336  \\$atext$btxt$2rdacontent
=337  \\$acomputer$bc$2rdamedia
=338  \\$aonline resource$bcr$2rdacarrier
=490  1\$6880-04$aTōyō bunko ;$v304
=588  0\$aPrint version record.
=600  00$6880-05$aKonkō Daijin,$d1814-1883
=600  07$aKonkō Daijin,$d1814-1883$2fast$0(OCoLC)fst00137902
=610  20$6880-06$aKonkōkyō.$vBiography.
=610  27$aKonkōkyō$2fast$0(OCoLC)fst00607660
=650  \0$aShinto priests$zJapan$vBiography.
=650  \7$aShinto priests.$2fast$0(OCoLC)fst01732964
=651  \7$aJapan.$2fast$0(OCoLC)fst01204082
=655  \7$aBiography.$2fast$0(OCoLC)fst01423686
=700  1\$6880-07$aMurakami, Shigeyoshi,$d1928-1991
=773  0\$tJapanKnowledge
=776  08$iPrint version:$aKonkō Daijin, 1814-1883.$tKonkō Daijin oboe.$dTōkyō : Heibonsha, Shōwa 52 [1977]
=830  \0$6880-08$aTōyō bunko$v304.
=856  40$3JapanKnowledge$uhttp://japanknowledge.com/lib/display/?lid=80010V0304P0003$yJapanKnowledge Lib
=880  0\$6100-01/{dollar}1$a金光大神,$d1814-1883.
=880  10$6245-02/{dollar}1$a金光大神覚 :$b民衆宗教の聖典・金光教 /$c金光大神 ; 村上重良校注.
=880  \\$6260-03/{dollar}1$a東京 :$b平凡社,$c昭和52 [1977]
=880  \\$6250-00/{dollar}1$a初版.
=880  1\$6490-04/{dollar}1$a東洋文庫 ;$v304
=880  04$6600-05/{dollar}1$a金光大神,$d1814-1883.
=880  24$6610-06/{dollar}1$a金光教$vBiography.
=880  1\$6700-07/{dollar}1$a村上重良,$d1928-1991.
=880  \0$6830-08/{dollar}1$a東洋文庫 ;$v304.
=859  \\$aORR$bJapanKnowledge
=CAT  \\$aW1704-1242$b00$c20170509$lBLL01$h0927
=CAT  \\$aBATCH-UPD$b00$c20170509$lBLL01$h0932
=CAT  \\$aW2003-0365$c20200305$lBLL01$h1101
=FIN  \\$aY$d20170509
=SID  \\$aZ30$bOCLC
=SRC  \\$aJapanKnowledge_2017$bJK_OCLC20170203.mrc
=LAS  \\$aW2003-0365$b00$c20200305$lBLL01$h1101

