=LDR  02163 am a22005774i 4500
=001  018337998
=003  Uk
=005  20170106042927.0
=006  m\\\\\o\\d\\\\\\\\
=007  cr\|||||||||||
=008  151214s1992\\\\ja\\\\\\ob\\\\000\0\jpn\d
=FMT  \\$a  BK
=020  \\$z4560057338
=020  \\$z9784560057339
=035  \\$a(OCoLC)932129241
=040  \\$aCNEAL$beng$cYUS$dOCLCO$dOCLCF$dOCLCO$dUk$erda$epn
=041  1\$ajpn$hfre
=050  \4$aBL535$b.G74165 1992
=100  10$aGrégoire, François,$eauthor.
=240  10$aAu-del̉.$lJapanese
=245  10$6880-01$aShigo no sekai /$cFuransowa Guregowāru cho ; Watanabe Shōkō yaku.
=264  \1$6880-02$aTōkyō :$bHakusuisha,$c1992.
=300  \\$a1 online resource.
=336  \\$atext$btxt$2rdacontent
=337  \\$acomputer$bc$2rdamedia
=338  \\$aonline resource$bcr$2rdacarrier
=490  1\$6880-03$aBunko kuseju ;$v733
=500  \\$aTranslation of: L'au-del̉.
=504  \\$aIncludes bibliographical references.
=588  \\$aDescription based on print version.
=650  \0$aFuture life$vComparative studies.
=650  \7$aFuture life.$2fast$0(OCoLC)fst00936730
=655  \7$aComparative studies.$2fast$0(OCoLC)fst01423767
=700  1\$6880-04$aWatanabe, Shōkō,$d1907-1977
=773  0\$tJapanKnowledge
=776  08$iPrint version:$tShigo no sekai.
=830  \0$6880-05$aBunko kuseju$v733.
=856  40$3JapanKnowledge$uhttp://japanknowledge.com/lib/display/?lid=8021007330000$yJapanKnowledge Lib
=880  10$6245-01/{dollar}1$a死後の世界 /$cフランソワ・グレゴワール著 ; 渡辺照宏訳.
=880  \1$6264-02/{dollar}1$a東京 :$b白水社,$c1992.
=880  1\$6490-03/{dollar}1$a文庫クセジュ ;$v733
=880  1\$6700-04/{dollar}1$a渡辺照宏,$d1907-1977.
=880  \0$6830-05/{dollar}1$a文庫クセジュ ;$v733.
=859  \\$aORR$bJapanKnowledge
=CAT  \\$aW1704-1242$b00$c20170509$lBLL01$h0927
=CAT  \\$aBATCH-UPD$b00$c20170509$lBLL01$h0932
=CAT  \\$aW2003-0365$c20200305$lBLL01$h1101
=FIN  \\$aY$d20170509
=SID  \\$aZ30$bOCLC
=SRC  \\$aJapanKnowledge_2017$bJK_OCLC20170203.mrc
=LAS  \\$aW2003-0365$b00$c20200305$lBLL01$h1101

