=LDR  02942 am a22007457a 4500
=001  018337999
=003  Uk
=005  20190117113838.0
=006  m\\\\\o\\d\\\\\\\\
=007  cr\|||||||||||
=008  111014s1989\\\\ja\\\\\\ob\\\\000\0\jpn\d
=FMT  \\$a  BK
=019  \\$a648534709
=020  \\$z4582805000
=020  \\$z9784582805000
=035  \\$a(OCoLC)757108958$z(OCoLC)648534709
=040  \\$aOCLCE$beng$cOCLCE$dCUS$dOCLCQ$dOCLCO$dOCLCF$dOCLCQ$dYUS$dOCLCO$dYUS$dOCLCO$dOCLCQ$dYUS$dOCLCO$dUk$epn
=041  1\$ajpn$hfre
=042  \\$adlr
=043  \\$aa-cc---
=050  \4$aPL2466.Z9$bL6413 1989
=100  1\$aGranet, Marcel,$d1884-1940.
=240  10$aFêtes et chansons anciennes de la Chine.$lJapanese
=245  10$6880-01$aChūgoku kodai no sairei to kayō /$cM. Gurane ; Uchida Tomoo yaku.
=250  \\$6880-02$aShohan.
=260  \\$6880-03$aTōkyō :$bHeibonsha,$c1989.
=300  \\$a1 online resource (430 pages).
=336  \\$atext$btxt$2rdacontent
=337  \\$acomputer$bc$2rdamedia
=338  \\$aonline resource$bcr$2rdacarrier
=490  1\$6880-04$aTōyō bunko ;$v500
=504  \\$aIncludes bibliographical references.
=588  0\$aPrint version record.
=630  00$6880-05$aShi jing
=630  07$aShi jing.$2fast$0(OCoLC)fst01357102
=650  \0$6880-06$aChinese poetry$xHistory and criticism.
=650  \0$aFestivals$zChina.
=650  \7$aChinese poetry.$2fast$0(OCoLC)fst00857672
=650  \7$aFestivals.$2fast$0(OCoLC)fst00923329
=651  \7$aChina.$2fast$0(OCoLC)fst01206073
=655  \7$aCriticism, interpretation, etc.$2fast$0(OCoLC)fst01411635
=700  1\$aUchida, Tomoo,$d1905-1989.
=773  0\$tJapanKnowledge
=776  08$iPrint version:$aGranet, Marcel, 1884-1940.$sFêtes et chansons anciennes de la Chine. Japanese.$tChūgoku kodai no sairei to kayō.$bShohan.$dTōkyō : Heibonsha, 1989$z4582805000
=830  \0$6880-08$aTōyō bunko$v500.
=856  40$3JapanKnowledge$uhttp://japanknowledge.com/lib/display/?lid=80010V0500P0002$yJapanKnowledge Lib
=880  10$6245-01/{dollar}1$a中国古代の祭礼と歌謡 /$cM・グラネ ; 內田智雄訳.
=880  \\$6250-02/{dollar}1$a初版.
=880  \\$6260-03/{dollar}1$a東京 :$b平凡社,$c1989.
=880  1\$6490-04/{dollar}1$a東洋文庫 ;$v500
=880  04$6630-05/{dollar}1$a诗经.
=880  \4$6650-06/{dollar}1$a書經.
=880  1\$6700-07/{dollar}1$a内田智雄,$d1905-
=880  \0$6830-08/{dollar}1$a東洋文庫 ;$v500.
=859  \\$aORR$bJapanKnowledge
=CAT  \\$aW1704-1242$b00$c20170509$lBLL01$h0927
=CAT  \\$aBATCH-UPD$b00$c20170509$lBLL01$h0932
=CAT  \\$aBATCH-UPD$b00$c20170509$lBLL01$h0939
=CAT  \\$a10804$b40$c20190117$lBLL01$h1138
=CAT  \\$aBATCH-UPD$b40$c20190117$lBLL01$h1139
=CAT  \\$aW2003-0365$c20200305$lBLL01$h1101
=FIN  \\$aY$d20170509
=SID  \\$aZ30$bOCLC
=SRC  \\$aJapanKnowledge_2017$bJK_OCLC20170203.mrc
=LAS  \\$aW2003-0365$b00$c20200305$lBLL01$h1101

