=LDR  01997 am a22004934i 4500
=001  018338000
=003  Uk
=005  20170106042928.0
=006  m\\\\\o\\d\\\\\\\\
=007  cr\|||||||||||
=008  151117s2009\\\\ja\\\\\\o\\\\\000\0\jpn\d
=FMT  \\$a  BK
=035  \\$a(OCoLC)929697103
=040  \\$aYUS$beng$cYUS$dYUS$dCUI$dOCLCF$dUk$erda
=043  \\$aa-ja---
=050  \4$aBJ2007.J33
=245  00$6880-01$aSeikatsu benrichō.
=246  10$6880-02$aHeisei Nippon seikatsu benrichō
=264  \1$6880-03$aTōkyō :$bNetAdvance Inc.,$c2009.
=300  \\$a1 online resource
=336  \\$atext$btxt$2rdacontent
=337  \\$acomputer$bc$2rdamedia
=338  \\$aonline resource$bcr$2rdacarrier
=588  \\$aDescription based on online resource; title from search contents (viewed November 17, 2015).
=650  \0$aEtiquette$zJapan.
=650  \7$aEtiquette.$2fast$0(OCoLC)fst00916277
=651  \7$aJapan.$2fast$0(OCoLC)fst01204082
=773  0\$tJapanKnowledge
=786  08$6880-04$tManā to jōshiki jiten.$dTōkyō : Jiyū Kokuminsha, 2007
=786  08$6880-05$t12-kagetsu no kimarigoto saijiki.$d[Tōkyō] : Jiyū Kokuminsha, 2008
=856  40$3JapanKnowledge$uhttp://japanknowledge.com/lib/search/basic/?cids=10011$yJapanKnowledge Lib
=880  00$6245-01/{dollar}1$a生活便利帳.
=880  10$6246-02/{dollar}1$a平成ニッポン生活便利帳
=880  \1$6264-03/{dollar}1$a東京 :$bNetAdvance Inc.,$c2009.
=880  08$6786-04/{dollar}1$tマナーと常識事典.$d東京 : 自由国民社, 2007$w(OCoLC)131503391
=880  08$6786-05/{dollar}1$t12か月のきまりごと歲時記.$d[東京] : 自由国民社, 2008$w(OCoLC)213387073
=859  \\$aORR$bJapanKnowledge
=CAT  \\$aW1704-1242$b00$c20170509$lBLL01$h0927
=CAT  \\$aBATCH-UPD$b00$c20170509$lBLL01$h0932
=CAT  \\$aW2003-0365$c20200305$lBLL01$h1101
=FIN  \\$aY$d20170509
=SID  \\$aZ30$bOCLC
=SRC  \\$aJapanKnowledge_2017$bJK_OCLC20170203.mrc
=LAS  \\$aW2003-0365$b00$c20200305$lBLL01$h1101

