=LDR  03101 am a22007697a 4500
=001  018338001
=003  Uk
=005  20170106042928.0
=006  m\\\\\o\\d\\\\\\\\
=007  cr\|||||||||||
=008  101110s1991\\\\ja\a\\\\ob\\\\000\0\jpn\d
=FMT  \\$a  BK
=019  \\$a636763403$a646919303
=020  \\$z4582805280
=020  \\$z9784582805284
=035  \\$a(OCoLC)680555608$z(OCoLC)636763403$z(OCoLC)646919303
=040  \\$aOCLCE$beng$cOCLCE$dCUS$dOCLCO$dHUA$dOCLCQ$dOCLCA$dOCLCQ$dOCLCF$dOCLCO$dYUS$dOCLCO$dYUS$dOCLCO$dOCLCQ$dYUS$dOCLCO$dUk$epn
=041  1\$ajpn$hchi
=042  \\$adlr
=043  \\$aa-cc---
=050  \4$aTP534.C6$bC48 1991
=245  00$6880-01$aChūgoku no shusho /$cNakamura Takashi hen'yaku.
=250  \\$6880-02$aShohan.
=260  \\$6880-03$aTōkyō :$bHeibonsha,$c1991.
=300  \\$a1 online resource (284 pages) :$billustrations.
=336  \\$atext$btxt$2rdacontent
=337  \\$acomputer$bc$2rdamedia
=338  \\$aonline resource$bcr$2rdacarrier
=490  1\$6880-04$aTōyō bunko ;$v528
=504  \\$aIncludes bibliographical references.
=505  0\$6880-05$aHokuzan shukei / Shu Kō -- Shufu / Tō Hyō.
=588  0\$aPrint version record.
=650  \0$aBrewing.
=650  \0$aDrinking in literature.
=650  \0$aWine and wine making$zChina.
=650  \0$aWine in literature.
=650  \7$aBrewing.$2fast$0(OCoLC)fst00838522
=650  \7$aDrinking in literature.$2fast$0(OCoLC)fst01896046
=650  \7$aWine and wine making.$2fast$0(OCoLC)fst01175907
=650  \7$aWine in literature.$2fast$0(OCoLC)fst01175960
=651  \7$aChina.$2fast$0(OCoLC)fst01206073
=700  1\$6880-06$aNakamura, Takashi,$d1936-
=700  12$6880-07.$aZhu, Gong,$djin shi 1088$tBei shan jiu jing.$lJapanese.
=700  12$6880-08.$aDou, Ping,$dactive 11th century$tJiu pu.$lJapanese.
=773  0\$tJapanKnowledge
=776  08$iPrint version:$tChūgoku no shusho.$bShohan.$dTōkyō : Heibonsha, 1991$z4582805280
=830  \0$6880-09$aTōyō bunko$v528.
=856  40$3JapanKnowledge$uhttp://japanknowledge.com/lib/display/?lid=80010V0528P0002$yJapanKnowledge Lib
=880  0\$6130-00/{dollar}1$a北山酒経.$lJapanese.
=880  00$6245-01/{dollar}1$a中国の酒書 /$c中村喬編訳.
=880  \\$6250-02/{dollar}1$a初版.
=880  \\$6260-03/{dollar}1$a東京 :$b平凡社,$c1991.
=880  1\$6490-04/{dollar}1$a東洋文庫 ;$v528
=880  0\$6505-05/{dollar}1$a北山酒経 / 朱肱 -- 酒譜 / 竇苹.
=880  1\$6700-06/{dollar}1$a中村喬,$d1936-
=880  12$6700-07/{dollar}1$a朱肱,$djin shi 1088.$t北山酒経.$lJapanese.
=880  12$6700-08/{dollar}1$a竇苹,$dactive 11th century.$t酒譜.$lJapanese.
=880  \0$6830-09/{dollar}1$a東洋文庫 ;$v528.
=859  \\$aORR$bJapanKnowledge
=CAT  \\$aW1704-1242$b00$c20170509$lBLL01$h0927
=CAT  \\$aBATCH-UPD$b00$c20170509$lBLL01$h0932
=CAT  \\$aBATCH-UPD$b00$c20170509$lBLL01$h0939
=CAT  \\$aW2003-0365$c20200305$lBLL01$h1101
=FIN  \\$aY$d20170509
=SID  \\$aZ30$bOCLC
=SRC  \\$aJapanKnowledge_2017$bJK_OCLC20170203.mrc
=LAS  \\$aW2003-0365$b00$c20200305$lBLL01$h1101

