=LDR  02120 am a22005654i 4500
=001  018338002
=003  Uk
=005  20170106042929.0
=006  m\\\\\o\\d\\\\\\\\
=007  cr\|||||||||||
=008  151117s2007\\\\ja\\\\\gob\\\\000\0\jpn\d
=FMT  \\$a  BK
=020  \\$z4560509174
=020  \\$z9784560509173
=035  \\$a(OCoLC)929688476
=040  \\$aWTU$beng$cYUS$dOCLCO$dYUS$dOCLCO$dOCLCF$dUk$erda$epn
=041  1\$ajpn$hfre
=100  1\$aVial, Jean,$eauthor.
=240  10$aHistoire de l'éducation.$lJapanese
=245  10$6880-01$aKyōiku no rekishi /$cJan Viaru cho ; Takamura Masanori yaku.
=264  \1$6880-02$aTōkyō :$bHakusuisha,$c2007.
=300  \\$a1 online resource.
=336  \\$atext$btxt$2rdacontent
=337  \\$acomputer$bc$2rdamedia
=338  \\$aonline resource$bcr$2rdacarrier
=490  1\$6880-03$aBunko Kuseju ;$v917
=504  \\$aIncludes bibliographical references.
=588  \\$aDescription based on print version.
=650  \0$aEducation$xHistory.
=650  \7$aEducation.$2fast$0(OCoLC)fst00902499
=655  \7$aHistory.$2fast$0(OCoLC)fst01411628
=700  1\$6880-04$aTakamura, Masanori,$d1950-$etranslator.
=700  1\$iTranslation of:$aVial, Jean.$tHistoire de l'éducation.
=773  0\$tJapanKnowledge
=776  08$iPrint version:$tKyōiku no rekishi
=830  \0$6880-05$aBunko kuseju$v917.
=856  40$3JapanKnowledge$uhttp://japanknowledge.com/lib/display/?lid=8021009170000$yJapanKnowledge Lib
=880  10$6245-01$a教育の歴史 /$cジャン・ヴィアル著 ; 高村昌憲訳.
=880  \1$6264-02$a東京 :$b白水社,$c2007.
=880  1\$6490-03$a文庫クセジュ ;$v917
=880  1\$6700-04$a高村昌憲,$d1950-$etranslator.
=880  \0$6830-05$a文庫クセジュ ;$v917.
=859  \\$aORR$bJapanKnowledge
=CAT  \\$aW1704-1242$b00$c20170509$lBLL01$h0927
=CAT  \\$aBATCH-UPD$b00$c20170509$lBLL01$h0932
=CAT  \\$aW2003-0365$c20200305$lBLL01$h1101
=FIN  \\$aY$d20170509
=SID  \\$aZ30$bOCLC
=SRC  \\$aJapanKnowledge_2017$bJK_OCLC20170203.mrc
=LAS  \\$aW2003-0365$b00$c20200305$lBLL01$h1101

