=LDR  01857 am a22005054i 4500
=001  018338003
=003  Uk
=005  20170106042929.0
=006  m\\\\\o\\d\\\\\\\\
=007  cr\|||||||||||
=008  151214s1971\\\\ja\\\\\\\b\\\\000\0\jpn\d
=FMT  \\$a  BK
=035  \\$a(OCoLC)932129123
=040  \\$aYUS$beng$cYUS$dOCLCO$dUk$erda$epn
=041  1\$ajpn$hfre
=050  \4$aPC2511
=100  1\$aGuiraud, Pierre,$eauthor.
=240  10$aVersification.$lJapanese
=245  10$6880-01$aFuransu shihō /$cPiēru Girō cho ; Kubota Han'ya yaku.
=264  \1$6880-02$aTōkyō :$bHakusuisha,$c1971.
=300  \\$a1 online resource.
=336  \\$atext$btxt$2rdacontent
=337  \\$acomputer$bc$2rdamedia
=338  \\$aonline resource$bcr$2rdacarrier
=490  1\$6880-03$aBunko kuseju ;$v489
=504  \\$aIncludes bibliographical references.
=588  \\$aDescription based on print version.
=700  1\$6880-04,$aKubota, Hanʾya,$d1926-$etranslator.
=773  0\$tJapanKnowledge
=776  08$iPrint version:$tFuransu shihō.
=830  \0$6880-05$aBunko kuseju$v489.
=856  40$3JapanKnowledge$uhttp://japanknowledge.com/lib/display/?lid=8021004890000$yJapanKnowledge Lib
=880  10$6245-01/{dollar}1$aフランス詩法 /$cピエール・ギロー著 ; 窪田般弥訳.
=880  \1$6264-02/{dollar}1$a東京 :$b白水社,$c1971.
=880  1\$6490-03/{dollar}1$a文庫クセジュ ;$v489
=880  1\$6700-04/{dollar}1$a窪田般弥,$d1926-$etranslator.
=880  \0$6830-05/{dollar}1$a文庫クセジュ ;$v489.
=859  \\$aORR$bJapanKnowledge
=CAT  \\$aW1704-1242$b00$c20170509$lBLL01$h0927
=CAT  \\$aBATCH-UPD$b00$c20170509$lBLL01$h0932
=CAT  \\$aW2003-0365$c20200305$lBLL01$h1101
=FIN  \\$aY$d20170509
=SID  \\$aZ30$bOCLC
=SRC  \\$aJapanKnowledge_2017$bJK_OCLC20170203.mrc
=LAS  \\$aW2003-0365$b00$c20200305$lBLL01$h1101

