=LDR  02268 am a22005894i 4500
=001  018338005
=003  Uk
=005  20170106042930.0
=006  m\\\\\o\\d\\\\\\\\
=007  cr\|||||||||||
=008  151113s2000\\\\ja\\\\\\o\\\\\000\0\jpn\d
=FMT  \\$a  BK
=020  \\$z4560058296
=020  \\$z9784560058299
=035  \\$a(OCoLC)929030580
=040  \\$aYUS$beng$cYUS$dOCLCO$dYUS$dOCLCO$dOCLCF$dUk$erda$epn
=041  1\$ajpn$hfre
=100  1\$aCalvet, Louis-Jean,$d1942-$eauthor.
=240  10$aGuerre des langues et les politiques linguistiques.$lJapanese
=245  10$6880-01$aGengo seisaku to wa nani ka /$cRui Jan Karuve cho ; Nishiyama Noriyuki yaku.
=264  \1$6880-02$aTōkyō :$bHakusuisha,$c2000.
=300  \\$a1 online resource.
=336  \\$atext$btxt$2rdacontent
=337  \\$acomputer$bc$2rdamedia
=338  \\$aonline resource$bcr$2rdacarrier
=490  1\$6880-03$aBunko kuseju ;$v829
=588  \\$aDescription based on print version.
=650  \0$aLanguage and languages.
=650  \0$aLanguage policy.
=650  \0$aLanguage planning.
=650  \7$aLanguage and languages.$2fast$0(OCoLC)fst00992154
=650  \7$aLanguage planning.$2fast$0(OCoLC)fst00992397
=650  \7$aLanguage policy.$2fast$0(OCoLC)fst00992402
=700  1\$6880-04$aNishiyama, Noriyuki,$d1961-
=773  0\$tJapanKnowledge
=776  08$iPrint version:$tGengo seisaku towa nanika.
=830  \0$6880-05$aBunko kuseju$v829.
=856  40$3JapanKnowledge$uhttp://japanknowledge.com/lib/display/?lid=8021008290000$yJapanKnowledge Lib
=880  10$6245-01/{dollar}1$a言語政策とは何か /$cルイ=ジャン・カルヴェ著 ; 西山敎行訳.
=880  \1$6264-02/{dollar}1$a東京 :$b白水社,$c2000.
=880  1\$6490-03/{dollar}1$a文庫クセジュ ;$v829
=880  1\$6700-04/{dollar}1$a西山敎行,$d1961-
=880  \0$6830-05/{dollar}1$a文庫クセジュ ;$v829.
=859  \\$aORR$bJapanKnowledge
=CAT  \\$aW1704-1242$b00$c20170509$lBLL01$h0927
=CAT  \\$aBATCH-UPD$b00$c20170509$lBLL01$h0932
=CAT  \\$aBATCH-UPD$b00$c20170509$lBLL01$h0939
=CAT  \\$aW2003-0365$c20200305$lBLL01$h1101
=FIN  \\$aY$d20170509
=SID  \\$aZ30$bOCLC
=SRC  \\$aJapanKnowledge_2017$bJK_OCLC20170203.mrc
=LAS  \\$aW2003-0365$b00$c20200305$lBLL01$h1101

