=LDR  01982 am a22005534i 4500
=001  018338006
=003  Uk
=005  20170106042930.0
=006  m\\\\\o\\d\\\\\\\\
=007  cr\|||||||||||
=008  151113s2003\\\\ja\\\\\\o\\\\\000\0\jpn\d
=FMT  \\$a  BK
=020  \\$z4560058695
=020  \\$z9784560058695
=035  \\$a(OCoLC)929031326
=040  \\$aCNEAL$beng$cYUS$dOCLCO$dYUS$dOCLCO$dOCLCF$dUk$erda$epn
=041  1\$ajpn$hfre
=050  \4$aTJ211$b.F54165 2003
=100  1\$aFiévet, Cyril,$d1967-$eauthor
=240  10$aRobots.$lJapanese
=245  10$6880-01$aRobotto no shin seiki /$cShiriru Fieve cho ; Honda Tsutomu yaku.
=264  \1$6880-02$aTōkyō:$bHakusuisha,$c2003.
=300  \\$a1 online resource.
=336  \\$atext$btxt$2rdacontent
=337  \\$acomputer$bc$2rdamedia
=338  \\$aonline resource$bcr$2rdacarrier
=490  1\$6880-03$aBunko kuseju ;$v869
=500  \\$aTranslation of: Les robots.
=588  \\$aDescription based on print version.
=650  \0$aRobots.
=650  \7$aRobots.$2fast$0(OCoLC)fst01099038
=700  1\$6880-04$aHonda, Tsutomu.
=773  0\$tJapanKnowledge
=776  08$iPrint version:$tRobotto no shin seiki
=830  \0$6880-05$aBunko kuseju$v869.
=856  40$3JapanKnowledge$uhttp://japanknowledge.com/lib/display/?lid=8021008690000$yJapanKnowledge Lib
=880  10$6245-01/{dollar}1$aロボットの新世紀 /$cシリル・フィエヴェ著 ; 本多力訳.
=880  \1$6264-02/{dollar}1$a東京 :$b白水社,$c2003.
=880  1\$6490-03/{dollar}1$a文庫クセジュ ;$v869
=880  1\$6700-04/{dollar}1$a本多力.
=880  \0$6830-05/{dollar}1$a文庫クセジュ ;$v869.
=859  \\$aORR$bJapanKnowledge
=CAT  \\$aW1704-1242$b00$c20170509$lBLL01$h0927
=CAT  \\$aBATCH-UPD$b00$c20170509$lBLL01$h0932
=CAT  \\$aW2003-0365$c20200305$lBLL01$h1101
=FIN  \\$aY$d20170509
=SID  \\$aZ30$bOCLC
=SRC  \\$aJapanKnowledge_2017$bJK_OCLC20170203.mrc
=LAS  \\$aW2003-0365$b00$c20200305$lBLL01$h1101

