=LDR  02736 am a22004937i 4500
=001  018338007
=003  Uk
=005  20170106042930.0
=006  m\\\\\\\\d\\\\\\\\
=007  cr\bn||||abp||
=007  cr\bn||||ada||
=008  141106m18961914ja\a\\\\oe\\\\000\0\jpn\d
=FMT  \\$a  BK
=035  \\$a(OCoLC)894625217
=040  \\$aOCLCE$beng$cOCLCE$dYUS$dUk$erda$epn
=042  \\$adlr
=050  \4$aAE35.2$b.K6 1896
=245  00$6880-01$aKoji ruien /$chenshū sōsai Hosokawa Junjirō.
=264  \1$6880-02$aTōkyō :$bJingū Shichō,$cMeiji 29 [1896]-Taishō 3 [1914]
=300  \\$a1 online resource
=336  \\$atext$btxt$2rdacontent
=337  \\$acomputer$bc$2rdamedia
=338  \\$aonline resource$bcr$2rdacarrier
=505  0\$6880-03$a1. Tenbu--2. Saijibu--3. Chibu--4. Jingibu--5. Teiōbu--6. Kan'ibu --7. Hōrokubu--8. Seijibu--9. Hōritsubu--10. Senkabu--11. Shōryōbu--12. Gaikōbu--13. Heijibu--14. Bugibu--15. Hōgibu--16. Shūkyōbu--17. Bungakubu--18. Reishikibu--19. Gakububu--20. Jinbu--21. Seimeibu--22. Sangyōbu--23. Fukushokubu--24. Inshokubu--25. Kyoshobu--26. Kiyōbu--27. Yūgibu--28. Dōbutsubu--29. Shokubutsubu--30. Kinsekibu.
=588  \\$aDescription based on print version record.
=650  \0$aEncyclopedias and dictionaries, Japanese.
=650  \7$aEncyclopedias and dictionaries, Japanese.$2fast$0(OCoLC)fst00909586
=700  1\$6880-04,$aHosokawa, Junjirō,$d1834-1923$eeditor.
=773  0\$tJapanKnowledge
=776  1\$tKoji ruien.$cOriginal$dTōkyō, Jingū Shichō, Meiji 29- [1896]-
=856  40$3JapanKnowledge$uhttp://japanknowledge.com/lib/shelf/kojiruien/$yJapanKnowledge Lib
=880  00$6245-01/{dollar}1$a古事類苑 /$c編修總裁 細川潤次郎.
=880  \1$6264-02/{dollar}1$a東京 :$b神宮司廳,$c明治29 [1896]-大正3 [1914]
=880  0\$6505-03/{dollar}1$a1. 天部--2. 歲時部--3. 地部--4. 神祇部--5. 帝王部--6. 官位部--7. 封祿部--8. 政治部--9. 法律部--10. 泉貨部--11. 稱量部--12. 外交部--13. 兵事部--14. 武技部--15. 方技部--16. 宗教部--17. 文学部--18. 禮式部--19. 樂舞部--20. 人部--21. 姓名部--22. 產業部--23. 服飾部--24. 飮食部--25. 居處部--26. 器用部--27. 遊戯部--28. 動物部--29. 植物部--30. 金石部.
=880  1\$6700-04/{dollar}1$a細川潤次郎,$d1834-1923,$eeditor.
=859  \\$aORR$bJapanKnowledge
=CAT  \\$aW1704-1242$b00$c20170509$lBLL01$h0927
=CAT  \\$aBATCH-UPD$b00$c20170509$lBLL01$h0932
=CAT  \\$aBATCH-UPD$b00$c20170509$lBLL01$h0939
=CAT  \\$aW2003-0365$c20200305$lBLL01$h1101
=FIN  \\$aY$d20170509
=SID  \\$aZ30$bOCLC
=SRC  \\$aJapanKnowledge_2017$bJK_OCLC20170203.mrc
=LAS  \\$aW2003-0365$b00$c20200305$lBLL01$h1101

