=LDR  03726 am a22007577a 4500
=001  018338008
=003  Uk
=005  20170106042931.0
=006  m\\\\\o\\d\\\\\\\\
=007  cr\unu---uuaua
=008  090107m19962002ja\ab\\\ob\\\\000\0bjpn\d
=FMT  \\$a  BK
=035  \\$a(OCoLC)297313455
=040  \\$aOCLCE$beng$cOCLCE$dOCLCQ$dCUS$dOCLCA$dOCLCF$dOCLCQ$dYUS$dOCLCO$dYUS$dOCLCQ$dYUS$dOCLCO$dUk$epn
=041  0\$ajpn$hara
=043  \\$aa------$af------
=050  \4$aG370.I2$bI22 1996
=100  0\$aIbn Batuta,$d1304-1377.
=240  10$aTuḥfat al-nuẓẓār fī gharā'ib al-amṣār wa-'ajā'ib al-asfār.$lJapanese
=245  10$6880-01$aDai ryokōki /$cIbun Battūta ; Ibun Juzaii hen ; Yajima Hikoichi yaku.
=250  \\$6880-02$aShohan.
=260  \\$6880-03$aTōkyō :$bHeibonsha,$c1996-2002.
=300  \\$a1 online resource (8 volumes) :$billustrations, maps.
=336  \\$atext$btxt$2rdacontent
=337  \\$acomputer$bc$2rdamedia
=338  \\$aonline resource$bcr$2rdacarrier
=490  1\$6880-04$aTōyō Bunko ;$v601, 614, 630, 659, 675, 691, 704, 705
=504  \\$aIncludes bibliographical references.
=588  0\$aPrint version record.
=600  00$aIbn Batuta,$d1304-1377$xTravel.
=600  07$aIbn Batuta,$d1304-1377$2fast$0(OCoLC)fst00019800
=650  \0$aTravelers$zIslamic Empire.
=650  \0$aVoyages and travels.
=650  \7$aTravel.$2fast$0(OCoLC)fst01155558
=650  \7$aTravelers.$2fast$0(OCoLC)fst01155691
=650  \7$aVoyages and travels.$2fast$0(OCoLC)fst01169308
=651  \0$aAfrica$xDescription and travel.
=651  \0$aAsia$xDescription and travel.
=651  \7$aAfrica.$2fast$0(OCoLC)fst01239509
=651  \7$aAsia.$2fast$0(OCoLC)fst01240495
=651  \7$aIslamic Empire.$2fast$0(OCoLC)fst01244134
=700  1\$6880-05$aYajima, Hikoichi,$d1939-
=773  0\$tJapanKnowledge
=776  08$iPrint version:$aIbn Batuta, 1304-1377.$sTuḥfat al-nuẓẓār fī gharā'ib al-amṣār wa-'ajā'ib al-asfār. Japanese.$tDai ryokōki.$bShohan.$dTōkyō : Heibonsha, 1996-2002$z4582806015$z9784582806014
=830  \0$6880-06$aTōyō bunko$v601, 614, 630, 659, 675, 691, 704, 705.
=856  40$3JapanKnowledge Volume 1$uhttp://japanknowledge.com/lib/display/?lid=80010V0601P0002$yJapanKnowledge Lib
=856  40$3JapanKnowledge Volume 2$uhttp://japanknowledge.com/lib/display/?lid=80010V0614P0002$yJapanKnowledge Lib
=856  40$3JapanKnowledge Volume 3$uhttp://japanknowledge.com/lib/display/?lid=80010V0630P0002$yJapanKnowledge Lib
=856  40$3JapanKnowledge Volume 4$uhttp://japanknowledge.com/lib/display/?lid=80010V0659P0002$yJapanKnowledge Lib
=856  40$3JapanKnowledge Volume 5$uhttp://japanknowledge.com/lib/display/?lid=80010V0675P0002$yJapanKnowledge Lib
=856  40$3JapanKnowledge Volume 6$uhttp://japanknowledge.com/lib/display/?lid=80010V0691P0002$yJapanKnowledge Lib
=880  10$6245-01/{dollar}1$a大旅行記 /$cイブン・バットゥ一タ ; イブン・ジュザイイ編 ; 家島彦一訳.
=880  \\$6250-02/{dollar}1$a初版.
=880  \\$6260-03/{dollar}1$a東京 :$b平凡社,$c1996-2002.
=880  1\$6490-04/{dollar}1$a東洋文庫 ;$v601, 614, 630, 659, 675, 691, 704, 705
=880  1\$6700-05/{dollar}1$a家島彦一,$d1939-
=880  \0$6830-06/{dollar}1$a東洋文庫 ;$v601, 614, 630, 659, 675, 691, 704, 705.
=859  \\$aORR$bJapanKnowledge
=CAT  \\$aW1704-1242$b00$c20170509$lBLL01$h0927
=CAT  \\$aBATCH-UPD$b00$c20170509$lBLL01$h0932
=CAT  \\$aBATCH-UPD$b00$c20170509$lBLL01$h0939
=CAT  \\$aW2003-0365$c20200305$lBLL01$h1101
=FIN  \\$aY$d20170509
=SID  \\$aZ30$bOCLC
=SRC  \\$aJapanKnowledge_2017$bJK_OCLC20170203.mrc
=LAS  \\$aW2003-0365$b00$c20200305$lBLL01$h1101

