=LDR  02370 as a2200589 i 4500
=001  018338009
=003  Uk
=005  20170106042931.0
=006  m\\\\\o\\d\\\\\\\\
=007  cr\cn|||||||||
=008  141008c19919999ja\wr\p\o\\\\\0\\\d0jpn\d
=FMT  \\$a  SE
=035  \\$a(OCoLC)892539073
=040  \\$aPAU$beng$cPAU$dYUS$dOCLCO$dUk$erda$epn
=043  \\$aa-ja---
=050  00$aHC462.8
=245  00$6880-01$aShūkan ekonomisuto =$bWeekly economist.
=246  31$aWeekly economist
=264  \1$6880-02$aTōkyō :$bMainichi Shinbunsha,$c1991-
=300  \\$a1 online resource (volumes) :$billustrations.
=321  \\$aWeekly
=336  \\$atext$btxt$2rdacontent
=337  \\$acomputer$bc$2rdamedia
=338  \\$aonline resource$bcr$2rdacarrier
=362  0\$6880-03$aDai 69-kan dai 44-gō (1991-nen 10-gatsu 15-nichi) = tsūkan 2978-gō-
=500  \\$aContents are available for only the past two years.
=506  \\$aRestricted for use by site license.
=588  \\$aDescription based on print version record.
=648  \7$aSince 1945$2fast
=650  \7$aEconomic history.$2fast$0(OCoLC)fst00901974
=651  \0$aJapan$xEconomic conditions$y1945-$vPeriodicals.
=651  \7$aJapan.$2fast$0(OCoLC)fst01204082
=655  \7$aPeriodicals.$2fast$0(OCoLC)fst01411641
=710  2\$6880-04$aMainichi Shinbunsha.$bTōkyō Honsha.
=773  0\$tJapanKnowledge
=776  08$iPrint version:$tShūkan ekonomisuto
=780  00$6880-05$tEkonomisuto (Osaka, Japan)$x0422-8359
=856  40$3JapanKnowledge$uhttp://japanknowledge.com/lib/search/economist/$yJapanKnowledge Lib
=880  00$6245-01/{dollar}1$a週刋エコノミスト =$bWeekly economist.
=880  \1$6264-02/{dollar}1$a東京 :$b每日新聞社,$c1991-
=880  0\$6362-03/{dollar}1$a第69卷第44号 (1991年10月15日) = 通卷2978号-
=880  2\$6710-04/{dollar}1$a每日新聞社.$b東京本社.
=880  00$6780-05/{dollar}1$aエコノミスト (Osaka, Japan)$x0422-8359$w(DLC) 87649314$w(OCoLC)2308398
=859  \\$aORR$bJapanKnowledge
=CAT  \\$aW1704-1242$b00$c20170509$lBLL01$h0927
=CAT  \\$aBATCH-UPD$b00$c20170509$lBLL01$h0932
=CAT  \\$aBATCH-UPD$b00$c20170509$lBLL01$h0939
=CAT  \\$aW2003-0365$c20200305$lBLL01$h1101
=FIN  \\$aY$d20170509
=SID  \\$aZ30$bOCLC
=SRC  \\$aJapanKnowledge_2017$bJK_OCLC20170203.mrc
=LAS  \\$aW2003-0365$b00$c20200305$lBLL01$h1101

