=LDR  02486 am a22006617a 4500
=001  018338010
=003  Uk
=005  20170106042932.0
=006  m\\\\\o\\d\\\\\\\\
=007  cr\|||||||||||
=008  100426r19911939ja\a\\\\ob\\\\000\0\jpn\d
=FMT  \\$a  BK
=019  \\$a655312949
=020  \\$z4582805396
=020  \\$z9784582805390
=035  \\$a(OCoLC)609598500$z(OCoLC)655312949
=040  \\$aOCLCE$beng$cOCLCE$dCUS$dOCLCQ$dYUS$dOCLCO$dYUS$dOCLCO$dOCLCQ$dYUS$dOCLCO$dUk$epn
=042  \\$adlr
=043  \\$aa-cc---$aa-kr---$aa-ja---
=050  \4$aDS708$b.S65 1991
=100  1\$aSonoda, Kazuki,$d1894-
=245  10$6880-01$aDattan hyōryūki /$cSonoda Kazuki.
=250  \\$6880-02$aShohan.
=260  \\$6880-03$aTōkyō :$bHeibonsha,$c1991.
=300  \\$a1 online resource (324 pages) :$billustrations.
=336  \\$atext$btxt$2rdacontent
=337  \\$acomputer$bc$2rdamedia
=338  \\$aonline resource$bcr$2rdacarrier
=490  1\$6880-04$aTōyō bunko ;$v539
=504  \\$aIncludes bibliographical references.
=588  0\$aPrint version record.
=600  10$6880-05$aOkada, Heiemon.$tDattan hyōryūki.
=600  10$6880-06$aUno, Yosaburō.$tDattan kyōryūki.
=650  \0$aShipwrecks$zJapan.
=651  \0$aChina$xDescription and travel.
=651  \0$aKorea$xDescription and travel.
=740  0\$6880-07$aDattan hyōryūki kenkyū.
=773  0\$tJapanKnowledge
=776  08$iPrint version:$tDattan hyōryūki.$bShohan.$dTōkyō : Heibonsha, 1991$z4582805396
=830  \0$6880-08$aTōyō bunko$v539.
=856  40$3JapanKnowledge$uhttp://japanknowledge.com/lib/display/?lid=80010V0539P0002$yJapanKnowledge Lib
=880  1\$6100-00/{dollar}1$a園田一亀,$d1894-
=880  10$6245-01/{dollar}1$a韃靼漂流記 /$c園田一亀.
=880  \\$6250-02/{dollar}1$a初版.
=880  \\$6260-03/{dollar}1$a東京 :$b平凡社,$c1991.
=880  1\$6490-04/{dollar}1$a東洋文庫 ;$v539
=880  14$6600-05/{dollar}1$a岡田兵衛門.$t韃靼漂流記.
=880  14$6600-06/{dollar}1$a宇野与三郎.$t韃靼漂流記.
=880  0\$6740-07/{dollar}1$a韃靼漂流記研究.
=880  \0$6830-08/{dollar}1$a東洋文庫 ;$v539.
=859  \\$aORR$bJapanKnowledge
=CAT  \\$aW1704-1242$b00$c20170509$lBLL01$h0927
=CAT  \\$aBATCH-UPD$b00$c20170509$lBLL01$h0932
=CAT  \\$aW2003-0365$c20200305$lBLL01$h1101
=FIN  \\$aY$d20170509
=SID  \\$aZ30$bOCLC
=SRC  \\$aJapanKnowledge_2017$bJK_OCLC20170203.mrc
=LAS  \\$aW2003-0365$b00$c20200305$lBLL01$h1101

