=LDR  02459 am a22006137i 4500
=001  018338011
=003  Uk
=005  20170106042932.0
=006  m\\\\\o\\d\\\\\\\\
=007  cr\un|||||||||
=008  090202s1967\\\\ja\a\\\\o\\\\\000\0\jpn\d
=FMT  \\$a  BK
=019  \\$a645391072
=035  \\$a(OCoLC)301318959$z(OCoLC)645391072
=040  \\$aOCLCE$beng$cOCLCE$dOCLCA$dOCLCQ$dCUS$dOCLCQ$dOCLCO$dOCLCF$dYUS$dOCLCO$dYUS$dOCLCO$dOCL$dOCLCQ$dYUS$dOCLCO$dUk$epn
=042  \\$adlr
=043  \\$aa-ja---
=050  \4$aDS822.3$b.Y35 1967
=100  1\$6880-01$aYanagita, Kunio,$d1875-1962
=245  10$6880-02$aMeiji Taishō shi.$pSesō hen /$cYanagita Kunio cho, Masuda Katsumi kaisetsu.
=250  \\$6880-03$aShohan.
=260  \\$6880-04$a[Tōkyō] :$bHeibonsha,$c[1967]
=300  \\$a1 online resource (13, 351 pages) :$billustrations.
=336  \\$atext$btxt$2rdacontent
=337  \\$acomputer$bc$2rdamedia
=338  \\$aonline resource$bcr$2rdacarrier
=490  1\$6880-05$aTōyō bunko ;$v105
=588  0\$aPrint version record.
=648  \7$a1868-1945$2fast
=650  \7$aManners and customs.$2fast$0(OCoLC)fst01007815
=651  \0$aJapan$xSocial life and customs$y1868-1912.
=651  \0$aJapan$xSocial life and customs$y1912-1945.
=651  \7$aJapan.$2fast$0(OCoLC)fst01204082
=700  1\$6880-06$aMasuda, Katsumi,$d1923-2010
=773  0\$tJapanKnowledge
=776  08$iPrint version:$aYanagita, Kunio, 1875-1962.$tMeiji Taishō shi. Sesō hen.$d[Tōkyō] : Heibonsha, [1967]
=830  \0$6880-07$aTōyō bunko$v105.
=856  40$3JapanKnowledge$uhttp://japanknowledge.com/lib/display/?lid=80010V0105P0002$yJapanKnowledge Lib
=880  1\$6100-01/{dollar}1$a柳田国男,$d1875-1962.
=880  10$6245-02/{dollar}1$a明治大正史.$p世相篇 /$c柳田国男著, 益田勝実解說.
=880  \\$6250-03/{dollar}1$a初版.
=880  \\$6260-04/{dollar}1$a[東京] :$b平凡社,$c[1967]
=880  1\$6490-05/{dollar}1$a東洋文庫 ;$v105
=880  1\$6700-06/{dollar}1$a益田勝実,$d1923-2010.
=880  \0$6830-07/{dollar}1$a東洋文庫 ;$v105.
=859  \\$aORR$bJapanKnowledge
=CAT  \\$aW1704-1242$b00$c20170509$lBLL01$h0927
=CAT  \\$aBATCH-UPD$b00$c20170509$lBLL01$h0932
=CAT  \\$aBATCH-UPD$b00$c20170509$lBLL01$h0939
=CAT  \\$aW2003-0365$c20200305$lBLL01$h1101
=FIN  \\$aY$d20170509
=SID  \\$aZ30$bOCLC
=SRC  \\$aJapanKnowledge_2017$bJK_OCLC20170203.mrc
=LAS  \\$aW2003-0365$b00$c20200305$lBLL01$h1101

