=LDR  03041 am a22007337a 4500
=001  018338012
=003  Uk
=005  20170106042932.0
=006  m\\\\\o\\d\\\\\\\\
=007  cr\un|||||||||
=008  120329s1999\\\\ja\ab\\\ob\\\\000\0\jpn\d
=FMT  \\$a  BK
=020  \\$z4582806627
=020  \\$z9784582806625
=035  \\$a(OCoLC)781976167
=040  \\$aCUS$beng$cCUS$dOCLCQ$dOCLCO$dOCLCF$dYUS$dOCLCQ$dOCLCO$dYUS$dOCLCO$dOCLCQ$dYUS$dOCLCO$dUk
=041  1\$ajpn$hkor
=043  \\$aa-ja---$aa-kr---
=050  \4$aDS808$b.K56 1999
=100  1\$6880-01$aKim, In-gyŏm,$d1707-1772
=240  10$6880-02$aIHong chngyuga.$lJapanese
=245  10$6880-03$aNittō sōyūka :$bHanguru de tsuzuru Chōsen Tsūshinshi no kiroku /$cKin Jinken ; Takashima Yoshirō yakuchū.
=250  \\$6880-04$aShohan.
=260  \\$6880-05$aTōkyō :$bHeibonsha,$c1999.
=300  \\$a1 online resource (425 pages) :$billustrations, map.
=336  \\$atext$btxt$2rdacontent
=337  \\$acomputer$bc$2rdamedia
=338  \\$aonline resource$bcr$2rdacarrier
=490  1\$6880-06$aTōyō bunko ;$v662
=500  \\$aTranslation of: IHong changyuga.
=504  \\$aIncludes bibliographical references (pages 419-423).
=588  0\$aPrint version record.
=650  \7$aInternational relations.$2fast$0(OCoLC)fst00977053
=650  \7$aTravel.$2fast$0(OCoLC)fst01155558
=651  \0$aJapan$xDescription and travel.
=651  \0$aJapan$xRelations$zKorea$xHistory$vSources.
=651  \0$aKorea$xDescription and travel.
=651  \0$aKorea$xRelations$zJapan$xHistory$vSources.
=651  \7$aJapan.$2fast$0(OCoLC)fst01204082
=651  \7$aKorea.$2fast$0(OCoLC)fst01206434
=655  \7$aHistory.$2fast$0(OCoLC)fst01411628
=655  \7$aSources.$2fast$0(OCoLC)fst01423900
=700  1\$6880-07$aTakashima, Yoshirō,$d1951-
=773  0\$tJapanKnowledge
=776  08$iPrint version:$aKim, In-gyŏm, 1707-1772.$sIHong chngyuga. Japanese.$tNittō sōyūka.$bShohan.$dTōkyō : Heibonsha, 1999$z4582806627
=830  \0$6880-08$aTōyō bunko$v662.
=856  40$3JapanKnowledge$uhttp://japanknowledge.com/lib/display/?lid=80010V0662P0002$yJapanKnowledge Lib
=880  1\$6100-01/{dollar}1$a金仁謙,$d1707-1772.
=880  10$6240-02/{dollar}1$a日東壮遊歌.$lJapanese
=880  10$6245-03/{dollar}1$a日東壮遊歌 :$bハングルでつづる朝鮮通信使の記錄 /$c金仁謙 ; 高島淑郎訳注.
=880  \\$6250-04/{dollar}1$a初版.
=880  \\$6260-05/{dollar}1$a東京 :$b平凡社,$c1999.
=880  1\$6490-06/{dollar}1$a東洋文庫 ;$v662
=880  1\$6700-07/{dollar}1$a高島淑郎,$d1951-
=880  \0$6830-08/{dollar}1$a東洋文庫 ;$v662.
=859  \\$aORR$bJapanKnowledge
=CAT  \\$aW1704-1242$b00$c20170509$lBLL01$h0927
=CAT  \\$aBATCH-UPD$b00$c20170509$lBLL01$h0932
=CAT  \\$aBATCH-UPD$b00$c20170509$lBLL01$h0939
=CAT  \\$aW2003-0365$c20200305$lBLL01$h1101
=FIN  \\$aY$d20170509
=SID  \\$aZ30$bOCLC
=SRC  \\$aJapanKnowledge_2017$bJK_OCLC20170203.mrc
=LAS  \\$aW2003-0365$b00$c20200305$lBLL01$h1101

