=LDR  02220 am a22005894i 4500
=001  018338013
=003  Uk
=005  20170106042933.0
=006  m\\\\\o\\d\\\\\\\\
=007  cr\|||||||||||
=008  151214s1994\\\\ja\\\\\\o\\\\\000\0\jpn\d
=FMT  \\$a  BK
=020  \\$z4560057516
=020  \\$z9784560057513
=035  \\$a(OCoLC)932129225
=040  \\$aCNEAL$beng$cYUS$dOCLCO$dOCLCF$dUk$erda$epn
=041  1\$ajpn$hfre
=050  \4$aP112$b.M67165 1994
=100  1\$aMoscato, Michel,$eauthor.
=240  10$aPsychologie du langage.$lJapanese
=245  10$6880-01$aKotoba no shinrigaku /$cMisheru Mosukatō, Jakku Vittovēru [cho] ;
=264  \1$6880-02$aTōkyō :$bHakusuisha,$c1994.
=300  \\$a1 online resource.
=336  \\$atext$btxt$2rdacontent
=337  \\$acomputer$bc$2rdamedia
=338  \\$aonline resource$bcr$2rdacarrier
=490  1\$6880-03$aBunko kuseju ;$v751
=500  \\$aTranslation of: La psychologie du langage.
=588  \\$aDescription based on print version.
=650  \0$aPsycholinguistics.
=650  \7$aPsycholinguistics.$2fast$0(OCoLC)fst01081323
=700  1\$aWittwer, Jacques.
=700  1\$6880-04$aMasuda, Haruko,$d1926-
=730  0\$aPsychologie du langage. 4. ed.
=773  0\$tJapanKnowledge
=776  08$iPrint version:$tKotoba no shinrigaku.
=830  \0$6880-05$aBunko kuseju$v751.
=856  40$3JapanKnowledge$uhttp://japanknowledge.com/lib/display/?lid=8021007510000$yJapanKnowledge Lib
=880  10$6245-01/{dollar}1$aことばの心理学 /$cミシェル・モスカトー, ジャック・ヴィットヴェール [著] ; 増田治子訳.
=880  \1$6264-02/{dollar}1$a東京 :$b白水社,$c1994.
=880  1\$6490-03/{dollar}1$a文庫クセジュ ;$v751
=880  1\$6700-04/{dollar}1$a増田治子,$d1926-
=880  \0$6830-05/{dollar}1$a文庫クセジュ ;$v751.
=859  \\$aORR$bJapanKnowledge
=CAT  \\$aW1704-1242$b00$c20170509$lBLL01$h0927
=CAT  \\$aBATCH-UPD$b00$c20170509$lBLL01$h0932
=CAT  \\$aBATCH-UPD$b00$c20170509$lBLL01$h0939
=CAT  \\$aW2003-0365$c20200305$lBLL01$h1101
=FIN  \\$aY$d20170509
=SID  \\$aZ30$bOCLC
=SRC  \\$aJapanKnowledge_2017$bJK_OCLC20170203.mrc
=LAS  \\$aW2003-0365$b00$c20200305$lBLL01$h1101

