=LDR  02165 am a22004814i 4500
=001  018338014
=003  Uk
=005  20170106042933.0
=006  m\\\\\o\\d\\\\\\\\
=007  cr\|||||||||||
=008  151112s1974\\\\ja\\\\\\ob\\\\000\0\jpn\\
=FMT  \\$a  BK
=035  \\$a(OCoLC)928950763
=040  \\$aYUS$beng$cYUS$dOCLCO$dYUS$dOCLCO$dOCLCF$dOCLCO$dUk$erda$epn
=043  \\$aa-ja---
=050  04$aZ5305.J3$bH67 1974
=110  2\$6880-01$aHōsei Daigaku.$bShigaku Kenkyūshitsu.
=245  10$6880-02$aNihon jinbutsu bunken mokuroku /$cHōsei Daigaku Bungakubu Shigaku Kenkyūshitsu hen.
=264  \1$6880-04$aTōkyō :$bHeibonsha,$cShōwa 49 [1974]
=300  \\$a1 online resource
=336  \\$atext$btxt$2rdacontent
=337  \\$acomputer$bc$2rdamedia
=338  \\$aonline resource$bcr$2rdacarrier
=500  \\$6880-05$a"Meiji shonen kara Shōwa yonjūichinen [1868-1966] matsu made ni kankōsareta tosho, chikuji kankōbutsu no kiji de Nihonjin no denki ni kansuru bunken o shūroku."
=504  \\$aIncludes bibliographical references (pages 1191-1199).
=588  \\$aDescription based on print version.
=651  \0$aJapan$vBiography$vBibliography.
=651  \7$aJapan.$2fast$0(OCoLC)fst01204082
=773  0\$tJapanKnowledge
=776  08$iPrint version:$tNihon jinbutsu bunken mokuroku
=856  40$3JapanKnowledge$uhttp://japanknowledge.com/lib/search/basic/?cids=52410$yJapanKnowledge Lib
=880  2\$6110-01$a法政大学.$b史学研究室.
=880  10$6245-02$a日本人物文献目錄 /$c法政大学文学部史学研究室編.
=880  \1$6264-04$a東京 :$b平凡社,$c昭和49 [1974]
=880  \\$6500-05$a"明治初年から昭和四十一年 [1868-1966]末までに刋行された図書, 逐次刋行物の記事で, 日本人の伝記に関する文献を收錄."
=859  \\$aORR$bJapanKnowledge
=CAT  \\$aW1704-1242$b00$c20170509$lBLL01$h0927
=CAT  \\$aBATCH-UPD$b00$c20170509$lBLL01$h0932
=CAT  \\$aW2003-0365$c20200305$lBLL01$h1101
=FIN  \\$aY$d20170509
=SID  \\$aZ30$bOCLC
=SRC  \\$aJapanKnowledge_2017$bJK_OCLC20170203.mrc
=LAS  \\$aW2003-0365$b00$c20200305$lBLL01$h1101

