=LDR  02317 am a22005777i 4500
=001  018338015
=003  Uk
=005  20170106042933.0
=006  m\\\\\o\\d\\\\\\\\
=007  cr\|||||||||||
=008  101115s1978\\\\ja\\\\\\ob\\\\000\0\jpn\d
=FMT  \\$a  BK
=019  \\$a639295619
=035  \\$a(OCoLC)681704118$z(OCoLC)639295619
=040  \\$aOCLCE$beng$cOCLCE$dOCLCQ$dCUS$dOCLCQ$dOCLCA$dOCLCF$dOCLCO$dYUS$dOCLCO$dYUS$dOCLCO$dOCLCQ$dYUS$dOCLCO$dUk$epn
=041  1\$ajpn$hsan
=042  \\$adlr
=050  \4$aPK3798.V2$bJ3 1978
=245  00$6880-01$aShiki nijūgowa :$bIndo denkishū /$cSomadeva Bhatta [cho] ; Kamimura Katsuhiko yaku.
=246  3\$6880-02$aShiki 25-wa
=260  \\$6880-03$aTōkyō :$bHeibonsha,$c1978.
=300  \\$a1 online resource (316 pages).
=336  \\$atext$btxt$2rdacontent
=337  \\$acomputer$bc$2rdamedia
=338  \\$aonline resource$bcr$2rdacarrier
=490  1\$6880-04$aTōyō bunko ;$v323
=504  \\$aIncludes bibliographical references.
=588  0\$aPrint version record.
=600  00$aSomadeva Bhaṭṭa,$dactive 11th century.$tKathāsaritsāgara.
=630  07$aKathāsaritsāgara (Somadeva Bhaṭṭa)$2fast$0(OCoLC)fst01356330
=700  0\$aSomadeva Bhaṭṭa,$dactive 11th century.
=700  1\$6880-05$aKamimura, Katsuhiko,$d1944-2003
=773  0\$tJapanKnowledge
=776  08$iPrint version:$tShiki nijūgowa.$dTōkyō : Heibonsha, 1978
=830  \0$6880-06$aTōyō bunko$v323.
=856  40$3JapanKnowledge$uhttp://japanknowledge.com/lib/display/?lid=80010V0323P0002$yJapanKnowledge Lib
=880  00$6245-01/{dollar}1$a屍鬼二十五話 :$bインド伝奇集 /$cソーマデーヴァ[著] ; 上村勝彥訳.
=880  3\$6246-02/{dollar}1$a屍鬼25話
=880  \\$6250-00/{dollar}1$a初版.
=880  \\$6260-03/{dollar}1$a東京 :$b平凡社,$c1978.
=880  1\$6490-04/{dollar}1$a東洋文庫 ;$v323
=880  1\$6700-05/{dollar}1$a上村勝彥,$d1944-2003.
=880  \0$6830-06/{dollar}1$a東洋文庫 ;$v323.
=859  \\$aORR$bJapanKnowledge
=CAT  \\$aW1704-1242$b00$c20170509$lBLL01$h0927
=CAT  \\$aBATCH-UPD$b00$c20170509$lBLL01$h0932
=CAT  \\$aW2003-0365$c20200305$lBLL01$h1101
=FIN  \\$aY$d20170509
=SID  \\$aZ30$bOCLC
=SRC  \\$aJapanKnowledge_2017$bJK_OCLC20170203.mrc
=LAS  \\$aW2003-0365$b00$c20200305$lBLL01$h1101

