=LDR  03200cam a22007457a 4500
=001  018338016
=003  Uk
=005  20220419175725.0
=006  m\\\\\o\\d\\\\\\\\
=007  cr\|||||||||||
=008  111007m20002001ja\\\\\\ob\\\\000\0bjpn\d
=FMT  \\$a  BK
=020  \\$z4582806805$q(v. 1)
=020  \\$z458280683X$q(v. 2)
=020  \\$z9784582806809$q(v. 1)
=020  \\$z9784582806830$q(v. 2)
=035  \\$a(OCoLC)756234278
=040  \\$aOCLCE$beng$cOCLCE$dCUS$dOCLCQ$dOCLCA$dOCLCQ$dOCLCO$dOCLCF$dOCLCO$dYUS$dOCLCO$dYUS$dOCLCQ$dYUS$dOCLCO$dUk$epn
=041  1\$ajpn$hben
=042  \\$adlr
=043  \\$aa-ii---
=050  \4$aPK1718.K69$bS65165 2000
=100  0\$aKr̥ṣṇadāsa Kavirāja Gosvāmi,$d1518-
=240  10$aŚrīśrīcaitanyacaritāmr̥ta.$lJapanese
=245  10$6880-01$aChoitonno den :$bKurishuna shinkō no kyōso /$cK. Kovirāju cho ; Tongū Masaru yakuchū.
=250  \\$6880-02$aShohan.
=260  \\$6880-03$aTōkyō :$bHeibonsha,$c2000-2001.
=300  \\$a1 online resource (2 volumes).
=336  \\$atext$btxt$2rdacontent
=337  \\$acomputer$bc$2rdamedia
=338  \\$aonline resource$bcr$2rdacarrier
=490  1\$6880-04$aTōyō bunko ;$v680, 683
=504  \\$aIncludes bibliographical references (v. 2, pages 414-416).
=588  0\$aPrint version record.
=600  00$aChaitanya,$d1486-1534$vPoetry.
=600  07$aChaitanya,$d1486-1534$2fast$0(OCoLC)fst00055076
=650  \0$aVaishnavites$zIndia$vBiography$vEarly works to 1800.
=650  \7$aVaishnavites.$2fast$0(OCoLC)fst01163753
=651  \7$aIndia.$2fast$0(OCoLC)fst01210276
=655  \7$aBiography.$2fast$0(OCoLC)fst01423686
=655  \7$aEarly works.$2fast$0(OCoLC)fst01411636
=655  \7$aPoetry.$2fast$0(OCoLC)fst01423828
=700  1\$6880-05$aTongū, Masaru,$d1950-
=773  0\$tJapanKnowledge
=776  08$iPrint version:$aKr̥ṣṇadāsa Kavirāja Gosvāmi,$sŚrīśrīcaitanyacaritāmr̥ta. Japanese.$tChoitonno den.$bShohan.$d1518-$dTōkyō : Heibonsha, 2000-2001$z4582806805
=830  \0$6880-06$aTōyō bunko$v680, 683.
=856  40$3JapanKnowledge Volume 1$uhttp://japanknowledge.com/lib/display/?lid=80010V0680P0002$yJapanKnowledge Lib
=856  40$3JapanKnowledge Volume 2$uhttp://japanknowledge.com/lib/display/?lid=80010V0683P0002$yJapanKnowledge Lib
=880  10$6245-01/{dollar}1$aチョイトンノ伝 :$bクリシュナ信仰の教祖 /$cK・コヴィラ-ジュ著 ; 頓宮勝訳注.
=880  \\$6250-02/{dollar}1$a初版.
=880  \\$6260-03/{dollar}1$a東京 :$b平凡社,$c2000-2001.
=880  1\$6490-04/{dollar}1$a東洋文庫 ;$v680, 683
=880  1\$6700-05/{dollar}1$a頓宮勝,$d1950-
=880  \0$6830-06/{dollar}1$a東洋文庫 ;$v680, 683.
=859  \\$aORR$bJapanKnowledge
=CAT  \\$aW1704-1242$b00$c20170509$lBLL01$h0927
=CAT  \\$aBATCH-UPD$b00$c20170509$lBLL01$h0932
=CAT  \\$aBATCH-UPD$b00$c20170509$lBLL01$h0939
=CAT  \\$aW2003-0365$c20200305$lBLL01$h1101
=CAT  \\$a4039$b40$c20220419$lBLL01$h1751
=CAT  \\$a4039$b40$c20220419$lBLL01$h1757
=FIN  \\$aY$d20170509
=SID  \\$aZ30$bOCLC
=SRC  \\$aJapanKnowledge_2017$bJK_OCLC20170203.mrc
=LAS  \\$a4039$b40$c20220419$lBLL01$h1757

