=LDR  02122 am a22005654i 4500
=001  018338017
=003  Uk
=005  20170106042934.0
=006  m\\\\\o\\d\\\\\\\\
=007  cr\|||||||||||
=008  151113s2006\\\\ja\\\\\\o\\\\\000\0\jpn\d
=FMT  \\$a  BK
=020  \\$z4560509077
=020  \\$z9784560509074
=035  \\$a(OCoLC)929030775
=040  \\$aYUS$beng$cYUS$dYUS$dOCLCO$dOCLCF$dUk$erda$epn
=041  1\$ajpn$hfre
=245  00$6880-01$aShikei seido no rekishi /$cJan Mari Karubasu cho ; Yoshihara Tatsuya, Hatano Satoshi yaku.
=264  \1$6880-02$aTōkyō :$bHakusuisha,$c2006.
=300  \\$a1 online resource.
=336  \\$atext$btxt$2rdacontent
=337  \\$acomputer$bc$2rdamedia
=338  \\$aonline resource$bcr$2rdacarrier
=490  1\$6880-03$aBunko kuseju ;$v907
=588  \\$aDescription based on print version.
=650  \0$aCapital punishment.
=650  \7$aCapital punishment.$2fast$0(OCoLC)fst00846392
=700  1\$6880-04$aYoshihara, Tatsuya,$d1951-
=700  1\$6880-05$aHatano, Satoshi,$d1959-
=700  1\$aCarbasse, Jean-Marie.
=730  0\$aPeine de mort.
=773  0\$tJapanKnowledge
=776  08$iPrint version:$tShikei seido no rekishi.
=830  \0$6880-06$aBunko kuseju$v907.
=856  40$3JapanKnowledge$uhttp://japanknowledge.com/lib/display/?lid=8021009070000$yJapanKnowledge Lib
=880  00$6245-01/{dollar}1$a死刑制度の歴史 /$cジャン=マリ・カルバス著 ; 吉原達也, 波多野敏訳.
=880  \1$6264-02/{dollar}1$a東京 :$b白水社,$c2006.
=880  1\$6490-03/{dollar}1$a文庫クセジュ ;$v907
=880  1\$6700-04/{dollar}1$a吉原達也,$d1951-
=880  1\$6700-05/{dollar}1$a波多野敏,$d1959-
=880  \0$6830-06/{dollar}1$a文庫クセジュ ;$v907.
=859  \\$aORR$bJapanKnowledge
=CAT  \\$aW1704-1242$b00$c20170509$lBLL01$h0927
=CAT  \\$aBATCH-UPD$b00$c20170509$lBLL01$h0932
=CAT  \\$aBATCH-UPD$b00$c20180519$lBLL01$h1711
=CAT  \\$aW2003-0365$c20200305$lBLL01$h1101
=FIN  \\$aY$d20170509
=SID  \\$aZ30$bOCLC
=SRC  \\$aJapanKnowledge_2017$bJK_OCLC20170203.mrc
=LAS  \\$aW2003-0365$b00$c20200305$lBLL01$h1101

