=LDR  03256 am a22007097a 4500
=001  018338018
=003  Uk
=005  20170106042934.0
=006  m\\\\\o\\d\\\\\\\\
=007  cr\un|||||||||
=008  120329s1996\\\\ja\a\\\\o\\\\\000\0\jpn\d
=FMT  \\$a  BK
=020  \\$z4582806031
=020  \\$z9784582806038
=035  \\$a(OCoLC)781969378
=040  \\$aCUS$beng$cCUS$dOCLCQ$dOCLCF$dYUS$dOCLCQ$dOCLCO$dYUS$dOCLCO$dOCLCQ$dYUS$dOCLCO$dUk
=050  \4$aPL818.C45$bA6 1996
=100  1\$6880-01$aUchida, Roan,$d1868-1929
=240  10$aEssays.$kSelections
=245  10$6880-02$aRoan zuihitsu dokusho hōrō /$cUchida Roan cho ; Saitō Shōzō, Yanagida Izumi hensan ; Kōno Toshirō kaisetsu.
=246  30$6880-03$aDokusho hōrō
=250  \\$6880-04$aShohan.
=260  \\$6880-05$aTōkyō :$bHeibonsha,$c1996.
=300  \\$a1 online resource (365 pages) :$billustrations.
=336  \\$atext$btxt$2rdacontent
=337  \\$acomputer$bc$2rdamedia
=338  \\$aonline resource$bcr$2rdacarrier
=490  1\$6880-06$aTōyō Bunko ;$v603
=500  \\$aEssays.
=588  0\$aPrint version record.
=650  \0$aBook collecting.
=650  \0$aBooks and reading.
=650  \7$aBook collecting.$2fast$0(OCoLC)fst00836132
=650  \7$aBooks and reading.$2fast$0(OCoLC)fst00836454
=700  1\$6880-07$aSaitō, Shōzō,$d1887-1961
=700  1\$6880-08$aYanagida, Izumi,$d1894-1969
=700  1\$6880-09$aKōno, Toshirō.
=773  0\$tJapanKnowledge
=776  08$iPrint version:$aUchida, Roan, 1868-1929.$sEssays. Selections.$tRoan zuihitsu dokusho hōrō.$bShohan.$dTōkyō : Heibonsha, 1996$z4582806031
=830  \0$6880-10$aTōyō bunko$v603.
=856  40$3JapanKnowledge$uhttp://japanknowledge.com/lib/display/?lid=80010V0603P0002$yJapanKnowledge Lib
=880  1\$6100-01/{dollar}1$a内田魯庵,$d1868-1929.
=880  10$6245-02/{dollar}1$a魯庵随筆読書放浪 /$c内田魯庵著 ; 斎藤昌三, 柳田泉編纂 ; 紅野敏郎解說.
=880  30$6246-03/{dollar}1$a読書放浪
=880  \\$6250-04/{dollar}1$a初版.
=880  \\$6260-05/{dollar}1$a東京 :$b平凡社,$c1996.
=880  1\$6490-06/{dollar}1$a東洋文庫 ;$v603
=880  \\$6504-00/{dollar}1$a內田魯庵著作年譜: pages 317-334.
=880  0\$6505-00/{dollar}1$aモダーンを語る.銀座と築地の憶出.窓から眺める.銀座繁昌記.下谷広小路. 東西愛書趣味の比較.出版上の道徳.新著を閑却するはホントウの読書家に非ず.万年筆の過去, 現在及び未来.ヲーキング・ステッキ.煙本.喜劇標札蒐集. 初めか ら珍本である雑誌.読書放浪.釈迦と基督とマルクス.上下思想とルパシカ思想.
=880  1\$6700-07/{dollar}1$a斎藤昌三,$d1887-1961.
=880  1\$6700-08/{dollar}1$a柳田泉,$d1894-1969.
=880  1\$6700-09/{dollar}1$a紅野敏郎.
=880  \0$6830-10/{dollar}1$a東洋文庫 ;$v603.
=859  \\$aORR$bJapanKnowledge
=CAT  \\$aW1704-1242$b00$c20170509$lBLL01$h0927
=CAT  \\$aBATCH-UPD$b00$c20170509$lBLL01$h0932
=CAT  \\$aBATCH-UPD$b00$c20170509$lBLL01$h0939
=CAT  \\$aW2003-0365$c20200305$lBLL01$h1101
=FIN  \\$aY$d20170509
=SID  \\$aZ30$bOCLC
=SRC  \\$aJapanKnowledge_2017$bJK_OCLC20170203.mrc
=LAS  \\$aW2003-0365$b00$c20200305$lBLL01$h1101

