=LDR  03203 am a22007217a 4500
=001  018338019
=003  Uk
=005  20170106042935.0
=006  m\\\\\o\\d\\\\\\\\
=007  cr\|||||||||||
=008  100305s1982\\\\ja\\\\\\o\\\\\000\0\jpn\d
=FMT  \\$a  BK
=019  \\$a297648950
=035  \\$a(OCoLC)541286772$z(OCoLC)297648950
=040  \\$aOCLCE$beng$cOCLCE$dOCLCQ$dCUS$dOCLCQ$dOCLCF$dOCLCO$dYUS$dOCLCO$dYUS$dOCLCO$dOCL$dOCLCQ$dYUS$dOCLCO$dUk$epn
=042  \\$adlr
=050  \4$aPL2321$b.H38 1982
=100  1\$6880-01$aHattori, Nankaku,$d1683-1759
=245  10$6880-02$aTō shisen kokujikai /$cHattori Nankaku ; Hino Tatsuo kōchū.
=250  \\$6880-03$aShohan.
=260  \\$6880-04$aTōkyō :$bHeibonsha,$c1982.
=300  \\$a1 online resource (3 volumes).
=336  \\$atext$btxt$2rdacontent
=337  \\$acomputer$bc$2rdamedia
=338  \\$aonline resource$bcr$2rdacarrier
=490  1\$6880-05$aTōyō bunko ;$v405-407
=500  \\$6880-06$a"Jijitsujō no shohan to suitei sareru Kansei 3-nen 6-gatsu saihan-bon o teihon ni mochiita"--Page 33.
=500  \\$aErrata slip inserted in v.1.
=588  0\$aPrint version record.
=630  00$6880-07$aTang shi xuan.
=630  07$aTang shi xuan.$2fast$0(OCoLC)fst01372876
=648  \7$a618-907$2fast
=650  \0$aChinese poetry$yTang dynasty, 618-907$xHistory and criticism.
=650  \7$aChinese poetry.$2fast$0(OCoLC)fst00857672
=650  \7$aTang Dynasty (China)$2fast$0(OCoLC)fst01696781
=655  \7$aCriticism, interpretation, etc.$2fast$0(OCoLC)fst01411635
=700  1\$6880-08$aHino, Tatsuo.
=730  02$6880-09$aTang shi xuan.$lJapanese & Chinese.
=773  0\$tJapanKnowledge
=776  08$iPrint version:$aHattori, Nankaku, 1683-1759.$tTō shisen kokujikai.$bShohan.$dTōkyō : Heibonsha, 1982
=830  \0$6880-10$aTōyō bunko$v405-407.
=856  40$3JapanKnowledge Volume 1$uhttp://japanknowledge.com/lib/display/?lid=80010V0405P0002$yJapanKnowledge Lib
=856  40$3JapanKnowledge Volume 2$uhttp://japanknowledge.com/lib/display/?lid=80010V0406P0002$yJapanKnowledge Lib
=856  40$3JapanKnowledge Volume 3$uhttp://japanknowledge.com/lib/display/?lid=80010V0407P0002$yJapanKnowledge Lib
=880  1\$6100-01/{dollar}1$a服部南郭,$d1683-1759.
=880  10$6245-02/{dollar}1$a唐詩選国字解 /$c服部南郭 ; 日野龍夫校注.
=880  \\$6250-03/{dollar}1$a初版.
=880  \\$6260-04/{dollar}1$a東京 :$b平凡社,$c1982.
=880  1\$6490-05/{dollar}1$a東洋文庫 ;$v405-407
=880  \\$6500-06/{dollar}1$a"事実上の初版と推定される寬政三年六月再版本を底本に用いた"--Page 33.
=880  04$6630-07/{dollar}1$a唐詩選.
=880  1\$6700-08/{dollar}1$a日野龍夫.
=880  02$6730-09/{dollar}1$a唐詩選.$lJapanese & Chinese.
=880  \0$6830-10/{dollar}1$a東洋文庫 ;$v405-407.
=859  \\$aORR$bJapanKnowledge
=CAT  \\$aW1704-1242$b00$c20170509$lBLL01$h0927
=CAT  \\$aBATCH-UPD$b00$c20170509$lBLL01$h0932
=CAT  \\$aBATCH-UPD$b00$c20170509$lBLL01$h0939
=CAT  \\$aW2003-0365$c20200305$lBLL01$h1101
=FIN  \\$aY$d20170509
=SID  \\$aZ30$bOCLC
=SRC  \\$aJapanKnowledge_2017$bJK_OCLC20170203.mrc
=LAS  \\$aW2003-0365$b00$c20200305$lBLL01$h1101

