=LDR  02419 am a22006257  4500
=001  018338020
=003  Uk
=005  20170925142038.0
=006  m\\\\\o\\d\\\\\\\\
=007  cr\|||||||||||
=008  100630s1969\\\\ja\f\\\\o\\\\\000\0\jpn\d
=FMT  \\$a  BK
=019  \\$a297647192
=035  \\$a(OCoLC)645389456$z(OCoLC)297647192
=040  \\$aOCLCE$beng$cOCLCE$dOCLCQ$dOCLCO$dOCLCF$dOCLCO$dCUS$dYUS$dOCLCO$dYUS$dOCLCO$dOCLCQ$dOCLCO$dOCLCQ$dYUS$dOCLCO$dUk$epn
=042  \\$adlr
=043  \\$aae-----
=050  \4$aDS509$b.H28
=100  1\$6880-01$aHamada, Kōsaku,$d1881-1938
=245  10$6880-02$aKudara Kannon$cHamada Seiryō cho.
=260  \\$6880-03$aTōkyō,$bHeibonsha,$cShōwa 44 (1969)
=300  \\$a1 online resource (290 pages)$bplates.
=336  \\$atext$btxt$2rdacontent
=337  \\$acomputer$bc$2rdamedia
=338  \\$aonline resource$bcr$2rdacarrier
=490  1\$6880-04$aTōyō bunko,$v149
=588  0\$aPrint version record.
=600  00$aAvalokiteśvara$c(Buddhist deity)
=650  \0$aBuddhist art.
=650  \7$aAntiquities.$2fast$0(OCoLC)fst00810745
=600  07$aAvalokiteśvara$c(Buddhist deity)$0(OCoLC)fst00824273
=650  \7$aBuddhist art.$2fast$0(OCoLC)fst01727577
=651  \0$aEast Asia$xAntiquities.
=651  \7$aEast Asia.$2fast$0(OCoLC)fst01243628
=773  0\$tJapanKnowledge
=776  08$iPrint version:$aHamada, Kōsaku, 1881-1938.$tKudara Kannon.$dTōkyō, Heibonsha, Shōwa 44 (1969)
=830  \0$6880-05$aTōyō bunko$v149.
=856  40$3JapanKnowledge$uhttp://japanknowledge.com/lib/display/?lid=80010V0149P0003$yJapanKnowledge Lib
=880  1\$6100-01/{dollar}1$a浜田耕作,$d1881-1938.
=880  10$6245-02/{dollar}1$a百済観音,$c浜田青陵著.
=880  \\$6260-03/{dollar}1$a東京,$b平凡社,$c昭和44 (1969)
=880  \\$6250-00/{dollar}1$a初版.
=880  1\$6490-04/{dollar}1$a東洋文庫,$v149
=880  \0$6830-05/{dollar}1$a東洋文庫 ;$v149.
=859  \\$aORR$bJapanKnowledge
=CAT  \\$aW1704-1242$b00$c20170509$lBLL01$h0927
=CAT  \\$aBATCH-UPD$b00$c20170509$lBLL01$h0932
=CAT  \\$aBATCH-UPD$b00$c20170509$lBLL01$h0939
=CAT  \\$a5194$b40$c20170925$lBLL01$h1420
=CAT  \\$a5194$b40$c20170925$lBLL01$h1422
=CAT  \\$aW2003-0365$c20200305$lBLL01$h1101
=FIN  \\$aY$d20170509
=SID  \\$aZ30$bOCLC
=SRC  \\$aJapanKnowledge_2017$bJK_OCLC20170203.mrc
=LAS  \\$aW2003-0365$b00$c20200305$lBLL01$h1101

