=LDR  02748 am a22006254i 4500
=001  018338021
=003  Uk
=005  20170106042935.0
=006  m\\\\\o\\d\\\\\\\\
=007  cr\|||||||||||
=008  151113s1992\\\\ja\\\\\\ob\\\\000\0\jpn\d
=FMT  \\$a  BK
=020  \\$z456005729X
=020  \\$z9784560057292
=035  \\$a(OCoLC)929029006
=040  \\$aSTF$beng$cYUS$dOCLCO$dYUS$dOCLCO$dOCLCF$dOCLCO$dUk$erda$epn
=041  1\$ajpn$hfre
=050  \4$aPQ1643$b.A95163 1992
=100  1\$aAulotte, Robert,$eauthor.
=240  10$aMontaigne, "Essais."$lJapanese
=245  10$6880-01$aMontēnyu to esē /$cRoberuto Aulotte ; Araki Shōtarō yaku.
=264  \1$6880-02$aTōkyō :$bHakusuisha,$c1992.
=300  \\$a1 online resource (175, 23 pages).
=336  \\$atext$btxt$2rdacontent
=337  \\$acomputer$bc$2rdamedia
=338  \\$aonline resource$bcr$2rdacarrier
=490  1\$6880-03$aBunko kuseju ;$v729
=500  \\$aTranslation of: Montaigne, "Essais." Paris : Presses universitaires de France, 1988.
=504  \\$aIncludes bibliographical references (pages 7-17 (2nd group)).
=588  \\$aDescription based on print version record.
=600  10$aMontaigne, Michel de,$d1533-1592.$tEssais.
=630  07$aEssais (Montaigne, Michel de)$2fast$0(OCoLC)fst01356142
=650  \0$aFrench essays$xHistory and criticism.
=650  \7$aFrench essays.$2fast$0(OCoLC)fst00934296
=655  \7$aCriticism, interpretation, etc.$2fast$0(OCoLC)fst01411635
=700  1\$6880-04$aAraki, Shōtarō,$d1930-$etranslator.
=773  0\$tJapanKnowledge
=776  08$6880-05$iPrint version:$aAulotte, Robert.$sMontaigne, "Essais." Japanese.$tMontēnyu to esē.$dTōkyō : Hakusuisha, 1992
=830  \0$6880-06$aBunko kuseju$v729.
=856  40$3JapanKnowledge$uhttp://japanknowledge.com/lib/display/?lid=8021007290000$yJapanKnowledge Lib
=880  10$6245-01$aモンテーニュとエセー /$cロベール・オーロット ; 荒木昭太郎訳.
=880  \1$6264-02$a東京 :$b白水社,$c1992.
=880  1\$6490-03$a文庫クセジュ ;$v729
=880  1\$6700-04$a荒木昭太郎,$d1930-$etranslator.
=880  08$6776-05$iPrint version:$aAulotte, Robert.$sMontaigne, "Essais." Japanese.$tモンテーニュとエセー.$d東京 : 白水社, 1992$w(OCoLC)33783913
=880  \0$6830-06$a文庫クセジュ ;$v729.
=859  \\$aORR$bJapanKnowledge
=CAT  \\$aW1704-1242$b00$c20170509$lBLL01$h0927
=CAT  \\$aBATCH-UPD$b00$c20170509$lBLL01$h0932
=CAT  \\$aW2003-0365$c20200305$lBLL01$h1101
=CAT  \\$aBATCH-UPD$b00$c20200511$lBLL01$h2027
=FIN  \\$aY$d20170509
=SID  \\$aZ30$bOCLC
=SRC  \\$aJapanKnowledge_2017$bJK_OCLC20170203.mrc
=LAS  \\$aBATCH-UPD$b00$c20200511$lBLL01$h2027

