=LDR  01821 am a22005054i 4500
=001  018338022
=003  Uk
=005  20170106042936.0
=006  m\\\\\o\\d\\\\\\\\
=007  cr\|||||||||||
=008  151113s1976\\\\ja\\\\\\ob\\\\000\0\jpn\d
=FMT  \\$a  BK
=035  \\$a(OCoLC)929031105
=040  \\$aCNEAL$beng$cYUS$dOCLCO$dYUS$dOCLCO$dUk$erda$epn
=041  1\$ajpn$hfre
=050  \4$aDS485.H6$bD75167 1976
=100  1\$aDupuis, Jacques,$d1912-1997,$eauthor.
=245  10$6880-01$aHimaraya /$cJakku Dyupyui cho ; Mizuno Tsutomu yaku.
=264  \1$6880-02$aTōkyō :$bHakusuisha,$c1976.
=300  \\$a1 online resource.
=336  \\$atext$btxt$2rdacontent
=337  \\$acomputer$bc$2rdamedia
=338  \\$aonline resource$bcr$2rdacarrier
=490  1\$6880-03$aBunko kuseju ;$v597
=504  \\$aIncludes bibliographical references.
=588  \\$aDescription based on print version.
=700  1\$6880-05$aMizuno, Tsutomu.
=730  0\$aHimalaya.
=773  0\$tJapanKnowledge
=776  08$iPrint version:$tHimalaya
=830  \0$6880-06$aBunko kuseju$v597.
=856  40$3JapanKnowledge$uhttp://japanknowledge.com/lib/display/?lid=8021005970000$yJapanKnowledge Lib
=880  10$6245-01/{dollar}1$aヒマラヤ /$cジャック・デュピュイ著 ; 水野勉訳.
=880  \1$6264-02/{dollar}1$a東京 :$b白水社,$c1976.
=880  1\$6490-03/{dollar}1$a文庫クセジュ ;$v597
=880  1\$6700-05/{dollar}1$a水野勉.
=880  \0$6830-06/{dollar}1$a文庫クセジュ ;$v597.
=859  \\$aORR$bJapanKnowledge
=CAT  \\$aW1704-1242$b00$c20170509$lBLL01$h0927
=CAT  \\$aBATCH-UPD$b00$c20170509$lBLL01$h0932
=CAT  \\$aW2003-0365$c20200305$lBLL01$h1101
=FIN  \\$aY$d20170509
=SID  \\$aZ30$bOCLC
=SRC  \\$aJapanKnowledge_2017$bJK_OCLC20170203.mrc
=LAS  \\$aW2003-0365$b00$c20200305$lBLL01$h1101

