=LDR  02435 am a22006254i 4500
=001  018338023
=003  Uk
=005  20170106042936.0
=006  m\\\\\o\\d\\\\\\\\
=007  cr\|||||||||||
=008  151214s1966\\\\ja\\\\\\\b\\\\000\0\jpn\d
=FMT  \\$a  BK
=035  \\$a(OCoLC)932129302
=040  \\$aYUS$beng$cYUS$dOCLCO$dOCLCF$dOCLCO$dUk$erda$epn
=041  1\$ajpn$hfre
=043  \\$ae------$aff-----$aaw-----
=050  \4$aPA6005
=100  1\$aGrimal, Pierre,$d1912-1996,$eauthor.
=240  10$aLittérature latine.$lJapanese
=245  10$6880-01$aRaten bungakushi /$cPiēru Gurimaru cho ; Fujii Noboru, Matsubara Hideichi kyōyaku.
=264  \1$6880-02$aTōkyō :$bHakusuisha,$c1966.
=300  \\$a1 online resource.
=336  \\$atext$btxt$2rdacontent
=337  \\$acomputer$bc$2rdamedia
=338  \\$aonline resource$bcr$2rdacarrier
=490  1\$6880-03$aBunko kuseju ;$v407
=504  \\$aIncludes bibliographical references.
=588  \\$aDescription based on print version.
=650  \0$aLatin literature$xHistory and criticism.
=650  \7$aLatin literature.$2fast$0(OCoLC)fst00993331
=650  \7$aLiterature.$2fast$0(OCoLC)fst00999953
=651  \0$aRome$xIn literature.
=651  \7$aRome (Empire)$2fast$0(OCoLC)fst01204885
=655  \7$aCriticism, interpretation, etc.$2fast$0(OCoLC)fst01411635
=700  1\$6880-04$aFujii, Noboru,$d1952-
=700  1\$6880-05$aMatsubara, Hideichi,$d1930-
=773  0\$tJapanKnowledge
=776  08$iPrint version:$tRaten bungakushi.
=830  \0$6880-06$aBunko kuseju$v407.
=856  40$3JapanKnowledge$uhttp://japanknowledge.com/lib/display/?lid=8021004070000$yJapanKnowledge Lib
=880  10$6245-01/{dollar}1$aラテン文学史 /$cピエール・グリマル著 ; 藤井昇, 松原秀一共訳.
=880  \1$6264-02/{dollar}1$a東京 :$b白水社,$c1966.
=880  1\$6490-03/{dollar}1$a文庫クセジュ ;$v407
=880  1\$6700-04/{dollar}1$a藤井昇,$d1925-
=880  1\$6700-05/{dollar}1$a松原秀一,$d1930-
=880  \0$6830-06/{dollar}1$a文庫クセジュ ;$v407.
=859  \\$aORR$bJapanKnowledge
=CAT  \\$aW1704-1242$b00$c20170509$lBLL01$h0927
=CAT  \\$aBATCH-UPD$b00$c20170509$lBLL01$h0932
=CAT  \\$aBATCH-UPD$b00$c20170509$lBLL01$h0939
=CAT  \\$aW2003-0365$c20200305$lBLL01$h1101
=FIN  \\$aY$d20170509
=SID  \\$aZ30$bOCLC
=SRC  \\$aJapanKnowledge_2017$bJK_OCLC20170203.mrc
=LAS  \\$aW2003-0365$b00$c20200305$lBLL01$h1101

