=LDR  02582 am a22006257  4500
=001  018338024
=003  Uk
=005  20170106042936.0
=006  m\\\\\o\\d\\\\\\\\
=007  cr\|||||||||||
=008  100315s1969\\\\ja\\\\\\o\\\\\000\0\jpn\d
=FMT  \\$a  BK
=019  \\$a300714870
=035  \\$a(OCoLC)556992180$z(OCoLC)300714870
=040  \\$aOCLCE$beng$cOCLCE$dOCLCQ$dCUS$dOCLCQ$dOCLCO$dOCLCF$dYUS$dOCLCO$dYUS$dOCLCO$dOCLCQ$dYUS$dOCLCO$dUk$epn
=042  \\$adlr
=043  \\$aa-ja---
=050  \4$aDS807$b.Y67 <Asian Japan>
=084  \\$a291$2njb/9
=100  1\$6880-01,$aYoshino, Yutaka,$d1909-$ecompiler.
=245  10$6880-02$aFudoki$cYoshino Yutaka yaku.
=260  \\$6880-03$aTōkyō,$bHeibonsha,$cShōwa 44 (1969)
=300  \\$a1 online resource (401, 40 pages).
=336  \\$atext$btxt$2rdacontent
=337  \\$acomputer$bc$2rdamedia
=338  \\$aonline resource$bcr$2rdacarrier
=490  1\$6880-04$aTōyō bunko,$v145
=505  0\$6880-05$aHitachi no Kuni fudoki--Harima no Kuni fudoki--Izumo no Kuni fudoki--Bungo no Kuni fudoki--Hizen no Kuni fudoki--Fudoki itsubun.
=588  0\$aPrint version record.
=650  \7$aTravel.$2fast$0(OCoLC)fst01155558
=650  07$6880-06$aFudoki.$2jlabsh/4
=651  \0$aJapan$xDescription and travel$vEarly works to 1800.
=651  \7$aJapan.$2fast$0(OCoLC)fst01204082
=655  \7$aEarly works.$2fast$0(OCoLC)fst01411636
=773  0\$tJapanKnowledge
=776  08$iPrint version:$aYoshino, Yutaka, 1909-$tFudoki.$dTōkyō, Heibonsha, Shōwa 44 (1969)
=830  \0$6880-07$aTōyō bunko$v145.
=856  40$3JapanKnowledge$uhttp://japanknowledge.com/lib/display/?lid=80010V0145P0002$yJapanKnowledge Lib
=880  1\$6100-01/{dollar}1$a吉野裕,$d1909-$ecompiler.
=880  10$6245-02/{dollar}1$a風土記$c吉野裕訳.
=880  \\$6260-03/{dollar}1$a東京,$b平凡社,$c昭和44 (1969)
=880  \\$6250-00/{dollar}1$a初版.
=880  1\$6490-04/{dollar}1$a東洋文庫,$v145
=880  0\$6505-05/{dollar}1$a常陸国風土記--播磨国風土記--出雲国風土記--豊後国風土記--肥前国風土記--風土記逸文.
=880  07$6650-06/{dollar}1$a風土記.$2jlabsh/4
=880  \0$6830-07/{dollar}1$a東洋文庫 ;$v145.
=859  \\$aORR$bJapanKnowledge
=CAT  \\$aW1704-1242$b00$c20170509$lBLL01$h0927
=CAT  \\$aBATCH-UPD$b00$c20170509$lBLL01$h0933
=CAT  \\$aBATCH-UPD$b00$c20170509$lBLL01$h0939
=CAT  \\$aW2003-0365$c20200305$lBLL01$h1101
=FIN  \\$aY$d20170509
=SID  \\$aZ30$bOCLC
=SRC  \\$aJapanKnowledge_2017$bJK_OCLC20170203.mrc
=LAS  \\$aW2003-0365$b00$c20200305$lBLL01$h1101

