=LDR  02865 am a22006617a 4500
=001  018338025
=003  Uk
=005  20170106042937.0
=006  m\\\\\o\\d\\\\\\\\
=007  cr\un|||||||||
=008  090131s1998\\\\ja\ac\\\ob\\\\001\0bjpn\d
=FMT  \\$a  BK
=035  \\$a(OCoLC)300710065
=040  \\$aOCLCE$beng$cOCLCE$dOCLCQ$dCUS$dOCLCQ$dOCLCF$dOCLCO$dYUS$dOCLCO$dYUS$dOCLCO$dOCLCQ$dYUS$dOCLCO$dUk$epn
=041  1\$ajpn$heng
=043  \\$aa-ir---
=050  \4$aDS316.T33$bA3 1998
=100  0\$aTāj al-Salṭanah,$d1884-1936.
=240  10$aKhāṭirāt-i Tāj al-Salṭanah.$lJapanese
=245  10$6880-01$aPerushia ōkyū monogatari :$bHaremu ni sodatta ōjo /$cTāji Assarutane ; Abbāsu Amanāto hen ; Tasumi Tsuneo yaku.
=250  \\$6880-02$aShohan.
=260  \\$6880-03$aTōkyō :$bHeibonsha,$c1998.
=300  \\$a1 online resource (414 pages) :$billustrations, portrait.
=336  \\$atext$btxt$2rdacontent
=337  \\$acomputer$bc$2rdamedia
=338  \\$aonline resource$bcr$2rdacarrier
=490  1\$6880-04$aTōyō bunko ;$v644
=504  \\$aIncludes bibliographical references (pages 393-395) and index.
=588  0\$aPrint version record.
=600  00$aTāj al-Salṭanah,$d1884-1936.
=600  07$aTāj al-Salṭanah,$d1884-1936$2fast$0(OCoLC)fst00187630
=650  \0$aFeminists$zIran$vBiography.
=650  \0$aPrincesses$zIran$vBiography.
=650  \7$aFeminists.$2fast$0(OCoLC)fst00922831
=650  \7$aPrincesses.$2fast$0(OCoLC)fst01076505
=651  \7$aIran.$2fast$0(OCoLC)fst01204889
=655  \7$aBiography.$2fast$0(OCoLC)fst01423686
=700  1\$6880-05$aTasumi, Tsuneo,$d1931-
=700  1\$aAmanat, Abbas.
=740  0\$aGrowning anguish.
=773  0\$tJapanKnowledge
=776  08$iPrint version:$aTāj al-Salṭanah, 1884-1936.$sKhāṭirāt-i Tāj al-Salṭanah. Japanese.$tPerushia ōkyū monogatari.$bShohan.$dTōkyō : Heibonsha, 1998$z4582806449$z9784582806441
=830  \0$6880-06$aTōyō bunko$v644.
=856  40$3JapanKnowledge$uhttp://japanknowledge.com/lib/display/?lid=80010V0644P0002$yJapanKnowledge Lib
=880  10$6245-01/{dollar}1$aペルシア王宮物語 :$bハレムに育った王女 /$cタ一ジ・アッサルタネ ; アッバ一ス・アマナ一ト編 ; 田隅恒生訳注.
=880  \\$6250-02/{dollar}1$a初版.
=880  \\$6260-03/{dollar}1$a東京 :$b平凡社,$c1998.
=880  1\$6490-04/{dollar}1$a東洋文庫 ;$v644
=880  1\$6700-05/{dollar}1$a田隅恒生,$d1931-
=880  \0$6830-06/{dollar}1$a東洋文庫 ;$v644.
=859  \\$aORR$bJapanKnowledge
=CAT  \\$aW1704-1242$b00$c20170509$lBLL01$h0927
=CAT  \\$aBATCH-UPD$b00$c20170509$lBLL01$h0933
=CAT  \\$aW2003-0365$c20200305$lBLL01$h1101
=FIN  \\$aY$d20170509
=SID  \\$aZ30$bOCLC
=SRC  \\$aJapanKnowledge_2017$bJK_OCLC20170203.mrc
=LAS  \\$aW2003-0365$b00$c20200305$lBLL01$h1101

