=LDR  03333 am a22007217a 4500
=001  018338026
=003  Uk
=005  20170106042937.0
=006  m\\\\\o\\d\\\\\\\\
=007  cr\|||||||||||
=008  111014s1988\\\\ja\ac\\\ob\\\\000\0\jpn\d
=FMT  \\$a  BK
=019  \\$a638765916
=020  \\$z4582804837
=020  \\$z9784582804836
=035  \\$a(OCoLC)757083550$z(OCoLC)638765916
=040  \\$aOCLCE$beng$cOCLCE$dOCLCQ$dOCLCO$dCUS$dOCLCQ$dOCLCF$dYUS$dOCLCO$dYUS$dOCLCO$dOCLCQ$dYUS$dOCLCO$dUk$epn
=041  1\$ajpn$heng
=042  \\$adlr
=043  \\$aa-ii---
=050  \4$aDS421$b.D83163 1988
=100  1\$aDubois, J. A.$q(Jean Antoine),$d1765-1848.
=240  10$aMœurs, institutions et cérémonies des peuples de l'Inde.$lJapanese
=245  10$6880-01$aKāsuto no tami :$bHindū no shūzoku to girei /$cJ.A. Dyuboa ; H.K. Bīchamu hen ; Shigematsu Shinji yakuchū.
=246  3\$aHindu manners, customs and ceremonies
=250  \\$6880-02$aShohan.
=260  \\$6880-03$aTōkyō :$bHeibonsha,$c1988.
=300  \\$a1 online resource (viii, 324 pages) :$billustrations, portrait.
=336  \\$atext$btxt$2rdacontent
=337  \\$acomputer$bc$2rdamedia
=338  \\$aonline resource$bcr$2rdacarrier
=490  1\$6880-04$aTōyō bunko ;$v483
=500  \\$aTranslation of: Hindu manners, customs and ceremonies, translated from the author's later French ms. and edited with notes, corrections and biography by Henry K. Beauchamp, C.I.E. (3rd. edition The Clarendon Press, Oxford, 1906), Part I, General view of society in India, and general remarks on the caste system.
=504  \\$aIncludes bibliographical references (pages 315-320).
=588  0\$aPrint version record.
=650  \7$aCivilization.$2fast$0(OCoLC)fst00862898
=650  \7$aManners and customs.$2fast$0(OCoLC)fst01007815
=650  \7$aReligion.$2fast$0(OCoLC)fst01093763
=651  \0$aIndia$xCivilization.
=651  \0$aIndia$xReligion.
=651  \0$aIndia$xSocial life and customs.
=651  \7$aIndia.$2fast$0(OCoLC)fst01210276
=700  1\$6880-05$aShigematsu, Shinji,$d1942-
=700  1\$aBeauchamp, Henry K.$q(Henry King),$d1866-1907.
=773  0\$tJapanKnowledge
=776  08$iPrint version:$aDubois, J.A. (Jean Antoine), 1765-1848.$sMœurs, institutions et cérémonies des peuples de l'Inde. Japanese.$tKāsuto no tami.$bShohan.$dTōkyō : Heibonsha, 1988
=830  \0$6880-06$aTōyō bunko$v483.
=856  40$3JapanKnowledge$uhttp://japanknowledge.com/lib/display/?lid=80010V0483P0002$yJapanKnowledge Lib
=880  10$6245-01/{dollar}1$aカーストの民 :$bヒンドゥーの習俗と儀礼 /$cJ.A. デュボア ; H.K. ビーチャム編 ; 重松伸司訳注.
=880  \\$6250-02/{dollar}1$a初版.
=880  \\$6260-03/{dollar}1$a東京 :$b平凡社,$c1988.
=880  1\$6490-04/{dollar}1$a東洋文庫 ;$v483
=880  1\$6700-05/{dollar}1$a重松伸司,$d1942-
=880  \0$6830-06/{dollar}1$a東洋文庫 ;$v483.
=859  \\$aORR$bJapanKnowledge
=CAT  \\$aW1704-1242$b00$c20170509$lBLL01$h0927
=CAT  \\$aBATCH-UPD$b00$c20170509$lBLL01$h0933
=CAT  \\$aBATCH-UPD$b00$c20170509$lBLL01$h0939
=CAT  \\$aW2003-0365$c20200305$lBLL01$h1101
=FIN  \\$aY$d20170509
=SID  \\$aZ30$bOCLC
=SRC  \\$aJapanKnowledge_2017$bJK_OCLC20170203.mrc
=LAS  \\$aW2003-0365$b00$c20200305$lBLL01$h1101

