=LDR  03615 am a22007337a 4500
=001  018338027
=003  Uk
=005  20170106042937.0
=006  m\\\\\o\\d\\\\\\\\
=007  cr\|||||||||||
=008  100315s1968\\\\ja\a\\\\ob\\\\001\0\jpn\d
=FMT  \\$a  BK
=019  \\$a300550389
=020  \\$z4582801137
=020  \\$z9784582801132
=035  \\$a(OCoLC)556336759$z(OCoLC)300550389
=040  \\$aOCLCE$beng$cOCLCE$dOCLCQ$dCUS$dOCLCQ$dOCLCO$dOCLCF$dYUS$dOCLCO$dYUS$dOCLCO$dOCLCQ$dYUS$dOCLCO$dUk$epn
=042  \\$adlr
=043  \\$ae------$aa-ja---
=050  \4$aD915$b.A7
=100  1\$6880-01$aArai, Hakuseki,$d1657-1725
=245  10$6880-02$aSeiyō kibun /$cArai Hakuseki cho ; Miyazaki Michio kōchū.
=250  \\$6880-03$aShintei.
=260  \\$6880-04$aTōkyō :$bHeibonsha,$c1968.
=300  \\$a1 online resource (6, 476, 5, 16 pages) :$billustrations.
=336  \\$atext$btxt$2rdacontent
=337  \\$acomputer$bc$2rdamedia
=338  \\$aonline resource$bcr$2rdacarrier
=490  1\$6880-05$aTōyō bunko ;$v113
=504  \\$aIncludes bibliographical references (pages 471-474) and index.
=588  0\$aPrint version record.
=648  \7$aTo 1868$2fast
=650  \0$aEuropeans$zJapan.
=650  \7$aEuropeans.$2fast$0(OCoLC)fst00916820
=650  \7$aTravel.$2fast$0(OCoLC)fst01155558
=651  \0$aEurope$xDescription and travel$vEarly works to 1800.
=651  \0$aEurope$xDescription and travel.
=651  \0$aJapan$xChurch history$yTo 1868.
=651  \7$aEurope.$2fast$0(OCoLC)fst01245064
=651  \7$aJapan.$2fast$0(OCoLC)fst01204082
=655  \7$aChurch history.$2fast$0(OCoLC)fst01411629
=655  \7$aEarly works.$2fast$0(OCoLC)fst01411636
=700  1\$6880-06$aMiyazaki, Michio,$d1917-
=773  0\$tJapanKnowledge
=776  08$iPrint version:$aArai, Hakuseki, 1657-1725.$tSeiyō kibun.$bShintei.$dTōkyō : Heibonsha, 1968
=830  \0$6880-07$aTōyō bunko$v113.
=856  40$3JapanKnowledge$uhttp://japanknowledge.com/lib/display/?lid=80010V0113P0002$yJapanKnowledge Lib
=880  1\$6100-01/{dollar}1$a新井白石,$d1657-1725.
=880  10$6245-02/{dollar}1$a西洋紀聞 /$c新井白石著 ; 宮崎道生校注.
=880  \\$6250-03/{dollar}1$a新訂.
=880  \\$6260-04/{dollar}1$a東京 :$b平凡社,$c1968.
=880  1\$6490-05/{dollar}1$a東洋文庫 ;$v113
=880  0\$6505-00/{dollar}1$a新井白石日記, 新井白石書翰(抄) 羅馬人処置献議・天主敎大意, 出島蘭館日誌, 今村源右衛門日記, 柳営日次記, 断片・西洋紀聞, ヨハンバツテイスタ物語, 長崎注進邏馬人事, 華夷変態, 外国之事調書, 采覧異言, 岡本三右衛門筆記, 阿蘭陀風說書, 德川実紀 (文昭院殿御実紀) 長崎実錄大成, 長崎覚書, 島津家譜 (吉貴伝) 柴芝園漫筆, 月堂見聞集, 長崎夜話草, シドチ書翰, マニラ大司敎ディエゴ・カマチヨ書翰, シドチ関係海外文書, シドチ因獄関係諸記, 「西洋紀聞」諸写本の序・跋, 正德切支丹禁令, 三眼餘考, 參考大槻文彦博士白石社版「校訂序言」, 村岡典嗣氏岩波版「解說」.
=880  1\$6700-06/{dollar}1$a宮崎道生,$d1917-
=880  \0$6830-07/{dollar}1$a東洋文庫 ;$v113.
=859  \\$aORR$bJapanKnowledge
=CAT  \\$aW1704-1242$b00$c20170509$lBLL01$h0927
=CAT  \\$aBATCH-UPD$b00$c20170509$lBLL01$h0933
=CAT  \\$aBATCH-UPD$b00$c20170509$lBLL01$h0939
=CAT  \\$aW2003-0365$c20200305$lBLL01$h1101
=FIN  \\$aY$d20170509
=SID  \\$aZ30$bOCLC
=SRC  \\$aJapanKnowledge_2017$bJK_OCLC20170203.mrc
=LAS  \\$aW2003-0365$b00$c20200305$lBLL01$h1101

