=LDR  01921 am a22005414i 4500
=001  018338028
=003  Uk
=005  20170106042938.0
=006  m\\\\\o\\d\\\\\\\\
=007  cr\|||||||||||
=008  151113s1998\\\\ja\\\\\go\\\\\000\0\jpn\d
=FMT  \\$a  BK
=020  \\$z4560058059
=020  \\$z9784560058053
=035  \\$a(OCoLC)929030809
=040  \\$aYUS$beng$cYUS$dYUS$dOCLCO$dOCLCF$dUk$erda$epn
=041  1\$ajpn$hfre
=245  00$6880-01$aTango e no shōtai /$cRemi Esu cho ; Ogawa Naoya yaku.
=264  \1$aTōkyō :$bHakusuisha,$c1998.
=300  \\$a1 online resource.
=336  \\$atext$btxt$2rdacontent
=337  \\$acomputer$bc$2rdamedia
=338  \\$aonline resource$bcr$2rdacarrier
=490  1\$6880-02$aBunko kuseju ;$v805
=588  \\$aDescription based on print version.
=650  \0$aTango (Dance)
=650  \7$aTango (Dance)$2fast$0(OCoLC)fst01142640
=700  1\$aHess, Rémi,$d1947-
=700  1\$6880-03$aOgawa, Naoya,$d1958-
=740  0\$aLe tango.
=773  0\$tJapanKnowledge
=776  08$iPrint version:$tTango eno shotai.
=830  \0$6880-04$aBunko kuseju$v805.
=856  40$3JapanKnowledge$uhttp://japanknowledge.com/lib/display/?lid=8021008050000$yJapanKnowledge Lib
=880  00$6245-01/{dollar}1$aタンゴへの招待 /$cレミ・エス著 ; 尾河直哉訳.
=880  \1$6264-00/{dollar}1$a東京 :$b白水社,$c1998.
=880  1\$6490-02/{dollar}1$a文庫クセジュ ;$v805
=880  1\$6700-03/{dollar}1$a尾河直哉,$d1958-
=880  \0$6830-04/{dollar}1$a文庫クセジュ ;$v805.
=859  \\$aORR$bJapanKnowledge
=CAT  \\$aW1704-1242$b00$c20170509$lBLL01$h0927
=CAT  \\$aBATCH-UPD$b00$c20170509$lBLL01$h0933
=CAT  \\$aW2003-0365$c20200305$lBLL01$h1101
=CAT  \\$aBATCH-UPD$b00$c20200809$lBLL01$h2055
=FIN  \\$aY$d20170509
=SID  \\$aZ30$bOCLC
=SRC  \\$aJapanKnowledge_2017$bJK_OCLC20170203.mrc
=LAS  \\$aBATCH-UPD$b00$c20200809$lBLL01$h2055

