=LDR  02395 am a22005897a 4500
=001  018338029
=003  Uk
=005  20170106042939.0
=006  m\\\\\o\\d\\\\\\\\
=007  cr\un|||||||||
=008  090202s1971\\\\ja\a\\\\o\\\\\000\0\jpn\d
=FMT  \\$a  BK
=019  \\$a644141995
=035  \\$a(OCoLC)301319947$z(OCoLC)644141995
=040  \\$aOCLCE$beng$cOCLCE$dOCLCQ$dCUS$dOCLCQ$dOCLCF$dYUS$dOCLCO$dYUS$dOCLCO$dOCLCQ$dYUS$dOCLCO$dUk$epn
=042  \\$adlr
=050  \4$aN7445.8.J3$bI9 1971
=100  1\$6880-01$aIwamura, Tōru,$d1870-1917
=245  10$6880-02$aGeien zakkō :$bhoka /$cIwamura Tōru cho, Miyagawa Torao hen.
=250  \\$6880-03$aShohan.
=260  \\$6880-04$aTōkyō :$bHeibonsha,$c1971.
=300  \\$a1 online resource (306 pages) :$billustrations.
=336  \\$atext$btxt$2rdacontent
=337  \\$acomputer$bc$2rdamedia
=338  \\$aonline resource$bcr$2rdacarrier
=490  1\$6880-05$aTōyō bunko ;$v182
=505  0\$6880-06$aPari no bijutsu gakusei -- Geien zakkō (shoshū) -- Geien zakkō (nishū) -- Bijutsu to shakai.
=588  0\$aPrint version record.
=650  \0$aArt.
=650  \7$aArt.$2fast$0(OCoLC)fst00815177
=700  1\$6880-07$aMiyagawa, Torao,$d1908-
=773  0\$tJapanKnowledge
=776  08$iPrint version:$aIwamura, Tōru, 1870-1917.$tGeien zakkō.$dTōkyō : Heibonsha, 1971
=830  \0$6880-08$aTōyō bunko$v182.
=856  40$3JapanKnowledge$uhttp://japanknowledge.com/lib/display/?lid=80010V0182P0002$yJapanKnowledge Lib
=880  1\$6100-01/{dollar}1$a岩村透,$d1870-1917.
=880  10$6245-02/{dollar}1$a芸苑雑稿 :$b他 /$c岩村透著, 宮川寅雄編.
=880  \\$6250-03/{dollar}1$a初版.
=880  \\$6260-04/{dollar}1$a東京 :$b平凡社,$c1971.
=880  1\$6490-05/{dollar}1$a東洋文庫 ;$v182
=880  0\$6505-06/{dollar}1$a巴里の美術学生 -- 芸苑雑稿 (初集) -- 芸苑雑稿 (二集) -- 美術と社会.
=880  1\$6700-07/{dollar}1$a宮川寅雄,$d1908-
=880  \0$6830-08/{dollar}1$a東洋文庫 ;$v182.
=859  \\$aORR$bJapanKnowledge
=CAT  \\$aW1704-1242$b00$c20170509$lBLL01$h0927
=CAT  \\$aBATCH-UPD$b00$c20170509$lBLL01$h0933
=CAT  \\$aBATCH-UPD$b00$c20170509$lBLL01$h0939
=CAT  \\$aW2003-0365$c20200305$lBLL01$h1101
=FIN  \\$aY$d20170509
=SID  \\$aZ30$bOCLC
=SRC  \\$aJapanKnowledge_2017$bJK_OCLC20170203.mrc
=LAS  \\$aW2003-0365$b00$c20200305$lBLL01$h1101

