=LDR  02114 am a22005654i 4500
=001  018338030
=003  Uk
=005  20170106042940.0
=006  m\\\\\o\\d\\\\\\\\
=007  cr\|||||||||||
=008  151113s2002\\\\ja\\\\\\o\\\\\001\0\jpn\d
=FMT  \\$a  BK
=020  \\$z4560058520
=020  \\$z9784560058527
=035  \\$a(OCoLC)929031228
=040  \\$aCNEAL$beng$cYUS$dOCLCO$dYUS$dOCLCO$dOCLCF$dOCL$dUk$erda$epn
=041  1\$ajpn$hfre
=050  \4$aNA680$b.M66165 2002
=100  1\$aMonnier, Gérard,$eauthor.
=240  10$aArchitecture du XXe sïcle.$lJapanese
=245  10$6880-01$aNijisseiki no kenchiku /$cJerāru Monie cho ; Morishima Isamu yaku.
=264  \1$6880-02$aTokyo :$bHakusuisha,$c2002.
=300  \\$a1 online resource.
=336  \\$atext$btxt$2rdacontent
=337  \\$acomputer$bc$2rdamedia
=338  \\$aonline resource$bcr$2rdacarrier
=490  1\$6880-03$aBunko kuseju ;$v852
=500  \\$aTranslation of: L'architecture du XXe sïcle.
=588  \\$aDescription based on print version.
=648  \7$a1900-1999$2fast
=650  \0$aArchitecture, Modern$y20th century.
=650  \7$aArchitecture, Modern.$2fast$0(OCoLC)fst00813842
=700  1\$6880-04$aMorishima, Isamu,$d1935-
=773  0\$tJapanKnowledge
=776  08$iPrint version:$tNijisseiki no kenchiku
=830  \0$6880-05$aBunko kuseju$v852.
=856  40$3JapanKnowledge$uhttp://japanknowledge.com/lib/display/?lid=8021008520000$yJapanKnowledge Lib
=880  10$6245-01/{dollar}1$a二十世紀の建築 /$cジェラール・モニエ著 ; 森島勇訳.
=880  \1$6264-02/{dollar}1$a東京 :$b白水社,$c2002.
=880  1\$6490-03/{dollar}1$a文庫クセジュ ;$v852
=880  1\$6700-04/{dollar}1$a森島, 勇,$d1935-
=880  \0$6830-05/{dollar}1$a文庫クセジュ ;$v852.
=859  \\$aORR$bJapanKnowledge
=CAT  \\$aW1704-1242$b00$c20170509$lBLL01$h0927
=CAT  \\$aBATCH-UPD$b00$c20170509$lBLL01$h0933
=CAT  \\$aW2003-0365$c20200305$lBLL01$h1101
=FIN  \\$aY$d20170509
=SID  \\$aZ30$bOCLC
=SRC  \\$aJapanKnowledge_2017$bJK_OCLC20170203.mrc
=LAS  \\$aW2003-0365$b00$c20200305$lBLL01$h1101

