=LDR  02411 am a22005657i 4500
=001  018338031
=003  Uk
=005  20170106042940.0
=006  m\\\\\o\\d\\\\\\\\
=007  cr\|||||||||||
=008  100315s1966\\\\ja\ab\\\o\\\\\000\0\jpn\d
=FMT  \\$a  BK
=035  \\$a(OCoLC)555977633
=040  \\$aOCLCE$beng$cOCLCE$dOCLCQ$dCUS$dOCLCQ$dOCLCA$dOCLCQ$dOCLCO$dYUS$dOCLCO$dYUS$dOCLCQ$dYUS$dOCLCO$dUk$epn
=042  \\$adlr
=100  1\$6880-01$aChen, Chen,$dapproximately 1608-
=240  10$6880-02$aShui hu hou zhuan.$lJapanese
=245  10$6880-03$aSuiko kōden /$cChin Shin cho ; Torii Hisayasu yaku.
=250  \\$6880-04$aShohan.
=260  \\$6880-05$aTōkyō :$bHeibonsha,$cShōwa 41 [1966]
=300  \\$a1 online resource (3 volumes) :$billustrations, maps.
=336  \\$atext$btxt$2rdacontent
=337  \\$acomputer$bc$2rdamedia
=338  \\$aonline resource$bcr$2rdacarrier
=490  1\$6880-06$aTōyō bunko ;$v58, 66, 78
=588  0\$aPrint version record.
=700  1\$6880-07,$aTorii, Hisayasu,$d1911-$etranslator.
=773  0\$tJapanKnowledge
=776  08$iPrint version:$aChen, Chen, b. approximately 1608.$tSuiko kōden.$d[1966]
=830  \0$6880-08$aTōyō bunko$v58, 66, 78.
=856  40$3JapanKnowledge Volume 1$uhttp://japanknowledge.com/lib/display/?lid=80010V0058P0002$yJapanKnowledge Lib
=856  40$3JapanKnowledge Volume 2$uhttp://japanknowledge.com/lib/display/?lid=80010V0066P0002$yJapanKnowledge Lib
=856  40$3JapanKnowledge Volume 3$uhttp://japanknowledge.com/lib/display/?lid=80010V0078P0002$yJapanKnowledge Lib
=880  1\$6100-01/{dollar}1$a陳忱,$dapproximately 1608-
=880  10$6240-02/{dollar}1$a水滸後伝.$lJapanese
=880  10$6245-03/{dollar}1$a水滸後伝 /$c陳忱著 ; 鳥居久靖訳.
=880  \\$6250-04/{dollar}1$a初版.
=880  \\$6260-05/{dollar}1$a東京 :$b平凡社,$c昭和 41 [1966]
=880  1\$6490-06/{dollar}1$a東洋文庫 ;$v58, 66, 78
=880  1\$6700-07/{dollar}1$a鳥居久靖,$d1911-
=880  \0$6830-08/{dollar}1$a東洋文庫 ;$v58, 66, 78.
=859  \\$aORR$bJapanKnowledge
=CAT  \\$aW1704-1242$b00$c20170509$lBLL01$h0927
=CAT  \\$aBATCH-UPD$b00$c20170509$lBLL01$h0933
=CAT  \\$aBATCH-UPD$b00$c20170509$lBLL01$h0939
=CAT  \\$aW2003-0365$c20200305$lBLL01$h1101
=FIN  \\$aY$d20170509
=SID  \\$aZ30$bOCLC
=SRC  \\$aJapanKnowledge_2017$bJK_OCLC20170203.mrc
=LAS  \\$aW2003-0365$b00$c20200305$lBLL01$h1101

