=LDR  02674 am a22006137a 4500
=001  018338032
=003  Uk
=005  20170106042940.0
=006  m\\\\\o\\d\\\\\\\\
=007  cr\|||||||||||
=008  100420m19701971ja\a\\\\o\\\\\000\0\jpn\d
=FMT  \\$a  BK
=019  \\$a297238068
=035  \\$a(OCoLC)608381588$z(OCoLC)297238068
=040  \\$aOCLCE$beng$cOCLCE$dOCLCQ$dCUS$dOCLCA$dOCLCQ$dOCLCO$dOCLCQ$dOCLCF$dYUS$dOCLCO$dYUS$dOCLCO$dOCLCQ$dYUS$dOCLCO$dUk$epn
=041  1\$ajpn$heng
=042  \\$adlr
=043  \\$aa-ja---
=050  \4$aDS810$b.M816
=100  1\$aMorse, Edward Sylvester,$d1838-1925.
=240  10$aJapan day by day.$lJapanese
=245  10$6880-01$aNihon sono hi sono hi /$cE.S. Mōsu cho ; Ishikawa Kin'ichi yaku.
=260  \\$6880-02$aTōkyō :$bHeibonsha,$cShōwa 45-46 (1970-1971)$g(1989 printing)
=300  \\$a1 online resource (3 volumes) :$billustrations.
=336  \\$atext$btxt$2rdacontent
=337  \\$acomputer$bc$2rdamedia
=338  \\$aonline resource$bcr$2rdacarrier
=490  1\$6880-03$aTōyō bunko ;$v171-172, 179
=588  0\$aPrint version record.
=650  \7$aTravel.$2fast$0(OCoLC)fst01155558
=651  \0$aJapan$xDescription and travel.
=651  \7$aJapan.$2fast$0(OCoLC)fst01204082
=700  1\$6880-04$aIshikawa, Kin'ichi,$d1895-1959
=773  0\$tJapanKnowledge
=776  08$iPrint version:$aMorse, Edward Sylvester, 1838-1925.$tNihon sono hi sono hi.$dTōkyō : Heibonsha, Shōwa 45-46 (1970-1971)
=830  \0$6880-05$aTōyō bunko$v171-172, 179.
=856  40$3JapanKnowledge Volume 1$uhttp://japanknowledge.com/lib/display/?lid=80010V0171P0002$yJapanKnowledge Lib
=856  40$3JapanKnowledge Volume 2$uhttp://japanknowledge.com/lib/display/?lid=80010V0172P0002$yJapanKnowledge Lib
=856  40$3JapanKnowledge Volume 3$uhttp://japanknowledge.com/lib/display/?lid=80010V0179P0002$yJapanKnowledge Lib
=880  10$6245-01/{dollar}1$a日本その日その日 /$cE.S. モース著 ; 石川欣一訳.
=880  \\$6260-02/{dollar}1$a東京 :$b平凡社,$c昭和45-46 (1970-1971)$g(1989 printing)
=880  \\$6250-00/{dollar}1$a初版.
=880  1\$6490-03/{dollar}1$a東洋文庫 ;$v171-172, 179
=880  1\$6700-04/{dollar}1$a石川欣一,$d1895-1959.
=880  \0$6830-05/{dollar}1$a東洋文庫 ;$v171-172, 179.
=859  \\$aORR$bJapanKnowledge
=CAT  \\$aW1704-1242$b00$c20170509$lBLL01$h0927
=CAT  \\$aBATCH-UPD$b00$c20170509$lBLL01$h0933
=CAT  \\$aBATCH-UPD$b00$c20170509$lBLL01$h0939
=CAT  \\$aW2003-0365$c20200305$lBLL01$h1101
=FIN  \\$aY$d20170509
=SID  \\$aZ30$bOCLC
=SRC  \\$aJapanKnowledge_2017$bJK_OCLC20170203.mrc
=LAS  \\$aW2003-0365$b00$c20200305$lBLL01$h1101

