=LDR  02302 am a22005894i 4500
=001  018338033
=003  Uk
=005  20170106042941.0
=006  m\\\\\o\\d\\\\\\\\
=007  cr\|||||||||||
=008  160115s1990\\\\ja\a\\\\ob\\\\001\0\jpn\d
=FMT  \\$a  BK
=020  \\$z4560057125
=020  \\$z9784560057124
=035  \\$a(OCoLC)934799143
=040  \\$aSTF$beng$cYUS$dOCLCO$dYUS$dOCLCO$dUk$erda$epn
=041  1\$ajpn$hfre
=050  \4$aP325$b.G85163 1990
=100  1\$aGuiraud, Pierre,$eauthor.
=240  10$aSémantique.$lJapanese
=245  10$6880-01$aImiron /$cPiēru Girō ; Satō Nobuo yaku.
=264  \1$6880-02$aTōkyō :$bHakusuisha,$c1990.
=300  \\$a1 online resource.
=336  \\$atext$btxt$2rdacontent
=337  \\$acomputer$bc$2rdamedia
=338  \\$aonline resource$bcr$2rdacarrier
=490  1\$6880-03$aBunko kuseju ;$v712
=500  \\$aTranslation of: La sémantique.
=504  \\$aIncludes bibliographical references and index.
=588  \\$aDescription based on print version record.
=650  \0$aSemantics.
=650  \7$aSemantics.$2fast$0(OCoLC)fst01112079
=700  1\$6880-04,$aSatō, Nobuo,$d1932-$etranslator.
=773  0\$tJapanKnowledge
=776  08$6880-05$iPrint version:$aGuiraud, Pierre.$sSémantique. Japanese.$tImiron.$dTōkyō : Hakusuisha, 1990
=830  \0$6880-06$aBunko kuseju$v712.
=856  40$3JapanKnowledge$uhttp://japanknowledge.com/lib/display/?lid=8021007120000$yJapanKnowledge Lib
=880  10$6245-01$a意味論 /$cピエール・ギロー ; 佐藤信夫訳.
=880  \1$6264-02$a東京 :$b白水社,$c1990.
=880  1\$6490-03$a文庫クセジュ ;$v712
=880  1\$6700-04$a佐藤信夫,$d1932-$etranslator.
=880  08$6776-05$iPrint version:$aGuiraud, Pierre.$sSémantique. Japanese.$t意味論.$d東京 : 白水社, 1990$w(OCoLC)50187867
=880  \0$6830-06$a文庫クセジュ ;$v712.
=859  \\$aORR$bJapanKnowledge
=CAT  \\$aW1704-1242$b00$c20170509$lBLL01$h0927
=CAT  \\$aBATCH-UPD$b00$c20170509$lBLL01$h0933
=CAT  \\$aBATCH-UPD$b00$c20170509$lBLL01$h0939
=CAT  \\$aW2003-0365$c20200305$lBLL01$h1101
=FIN  \\$aY$d20170509
=SID  \\$aZ30$bOCLC
=SRC  \\$aJapanKnowledge_2017$bJK_OCLC20170203.mrc
=LAS  \\$aW2003-0365$b00$c20200305$lBLL01$h1101

