=LDR  02151 am a22005657a 4500
=001  018338034
=003  Uk
=005  20170106042941.0
=006  m\\\\\o\\d\\\\\\\\
=007  cr\|||||||||||
=008  111014s1992\\\\ja\a\\\\o\\\\\000\0\jpn\d
=FMT  \\$a  BK
=019  \\$a297953559
=020  \\$z458280554X
=020  \\$z9784582805543
=035  \\$a(OCoLC)757031846$z(OCoLC)297953559
=040  \\$aOCLCE$beng$cOCLCE$dOCLCQ$dOCLCO$dCUS$dOCLCF$dOCLCQ$dOCLCO$dYUS$dOCLCO$dYUS$dOCLCO$dOCLCQ$dYUS$dOCLCO$dUk$epn
=042  \\$adlr
=050  \4$aPL2272.5$b.O47 1992
=100  1\$6880-01$aOkuno, Shintarō.
=245  10$6880-02$aGeibun oriorigusa /$cOkuno Shintarō.
=250  \\$6880-03$aShohan.
=260  \\$6880-04$aTōkyō :$bHeibonsha,$c1992.
=300  \\$a1 online resource (270 pages) :$billustrations.
=336  \\$atext$btxt$2rdacontent
=337  \\$acomputer$bc$2rdamedia
=338  \\$aonline resource$bcr$2rdacarrier
=490  1\$6880-05$aTōyō bunko ;$v554
=588  0\$aPrint version record.
=650  \0$aChinese literature$xHistory and criticism.
=650  \7$aChinese literature.$2fast$0(OCoLC)fst00857595
=655  \7$aCriticism, interpretation, etc.$2fast$0(OCoLC)fst01411635
=773  0\$tJapanKnowledge
=776  08$iPrint version:$aOkuno, Shintarō.$tGeibun oriorigusa.$bShohan.$dTōkyō : Heibonsha, 1992
=830  \0$6880-06$aTōyō bunko$v554.
=856  40$3JapanKnowledge$uhttp://japanknowledge.com/lib/display/?lid=80010V0554P0002$yJapanKnowledge Lib
=880  1\$6100-01/{dollar}1$a奥野信太郎.
=880  10$6245-02/{dollar}1$a藝文おりおり草 /$c奥野信太郎.
=880  \\$6250-03/{dollar}1$a初版.
=880  \\$6260-04/{dollar}1$a東京 :$b平凡社,$c1992.
=880  1\$6490-05/{dollar}1$a東洋文庫 ;$v554
=880  \0$6830-06/{dollar}1$a東洋文庫 ;$v554.
=859  \\$aORR$bJapanKnowledge
=CAT  \\$aW1704-1242$b00$c20170509$lBLL01$h0927
=CAT  \\$aBATCH-UPD$b00$c20170509$lBLL01$h0933
=CAT  \\$aW2003-0365$c20200305$lBLL01$h1101
=FIN  \\$aY$d20170509
=SID  \\$aZ30$bOCLC
=SRC  \\$aJapanKnowledge_2017$bJK_OCLC20170203.mrc
=LAS  \\$aW2003-0365$b00$c20200305$lBLL01$h1101

