=LDR  02143cam a22005894i 4500
=001  018338035
=003  Uk
=005  20231016114355.0
=006  m\\\\\o\\d\\\\\\\\
=007  cr\|||||||||||
=008  151113s2004\\\\ja\\\\\\o\\\\\000\0\jpn\d
=FMT  \\$a  BK
=020  \\$z456005875X
=020  \\$z9784560058756
=035  \\$a(OCoLC)929031329
=040  \\$aCNEAL$beng$cYUS$dOCLCO$dYUS$dOCLCO$dOCLCF$dUk$erda$epn
=041  1\$ajpn$hfre
=042  \\$aukblderived
=050  \4$aQC791$b.W45165 2004
=100  1\$aWeisse, Joseph,$eauthor
=240  10$aFusion nucľaire.$lJapanese
=245  10$6880-01$aKakuyūgō enerugī nyūmon /$cJozefu Vaisu cho ; Honda Tsutomu yaku.
=264  \1$6880-02$aTokyo :$bHakusuisha,$c2004.
=300  \\$a1 online resource.
=336  \\$atext$btxt$2rdacontent
=337  \\$acomputer$bc$2rdamedia
=338  \\$aonline resource$bcr$2rdacarrier
=490  1\$6880-03$aBunko kuseju ;$v875
=500  \\$aTranslation of: La fusion nucľaire.
=588  \\$aDescription based on print version.
=650  \0$aNuclear fusion.
=650  \7$aNuclear fusion.$2fast$0(OCoLC)fst01040242
=700  1\$6880-04$aHonda, Tsutomu.
=773  0\$tJapanKnowledge
=776  08$iPrint version:$tKakuyugo enerugi nyumon
=830  \0$6880-05$aBunko kuseju$v875.
=856  40$3JapanKnowledge$uhttp://japanknowledge.com/lib/display/?lid=8021008750000$yJapanKnowledge Lib
=880  10$6245-01/{dollar}1$a核融合エネルギー入門 /$cジョゼフ・ヴァイス著 ; 本多力訳.
=880  \1$6264-02/{dollar}1$a東京 :$b白水社,$c2004.
=880  1\$6490-03/{dollar}1$a文庫クセジュ ;$v875
=880  1\$6700-04/{dollar}1$a本多力.
=880  \0$6830-05/{dollar}1$a文庫クセジュ ;$v875.
=859  \\$aORR$bJapanKnowledge
=CAT  \\$aW1704-1242$b00$c20170509$lBLL01$h0927
=CAT  \\$aBATCH-UPD$b00$c20170509$lBLL01$h0933
=CAT  \\$aW2003-0365$c20200305$lBLL01$h1101
=CAT  \\$a7565$b40$c20231016$lBLL01$h1143
=CAT  \\$a7565$b40$c20231016$lBLL01$h1143
=FIN  \\$aY$d20170509
=SID  \\$aZ30$bOCLC
=SRC  \\$aJapanKnowledge_2017$bJK_OCLC20170203.mrc
=LAS  \\$a7565$b40$c20231016$lBLL01$h1143

