=LDR  01985 am a22005414i 4500
=001  018338036
=003  Uk
=005  20170106042942.0
=006  m\\\\\o\\d\\\\\\\\
=007  cr\|||||||||||
=008  151113s1988\\\\ja\\\\\\o\\\\\000\0\jpn\d
=FMT  \\$a  BK
=020  \\$z4560056935
=020  \\$z9784560056936
=035  \\$a(OCoLC)929030627
=040  \\$aYUS$beng$cYUS$dYUS$dOCLCO$dOCLCF$dUk$erda$epn
=041  1\$ajpn$hfre
=245  00$6880-01$aKokusai jindōhō /$cMōrisu Torerri cho ; Saitō Yasuhiko yaku.
=264  \1$6880-02$aTōkyō :$bHakusuisha,$c1988.
=300  \\$a1 online resource.
=336  \\$atext$btxt$2rdacontent
=337  \\$acomputer$bc$2rdamedia
=338  \\$aonline resource$bcr$2rdacarrier
=490  1\$6880-03$aBunko kuseju ;$v693
=588  \\$aDescription based on print version.
=650  \0$aHuman rights.
=650  \7$aHuman rights.$2fast$0(OCoLC)fst00963285
=700  1\$6880-04$aSaitō, Yasuhiko,$d1933-
=700  1\$aTorrelli, Maurice,$d1937-
=730  0\$aDroit international humanitaire.
=773  0\$tJapanKnowledge
=776  08$iPrint version:$tKokusai jindōhō.
=830  \0$6880-05$aBunko kuseju$v693.
=856  40$3JapanKnowledge$uhttp://japanknowledge.com/lib/display/?lid=8021006930000$yJapanKnowledge Lib
=880  00$6245-01/{dollar}1$a国際人道法 /$cモーリス・トレッリ著 ; 斎藤恵彦訳.
=880  \1$6264-02/{dollar}1$a東京 :$b白水社,$c1988.
=880  1\$6490-03/{dollar}1$a文庫クセジュ ;$v693
=880  1\$6700-04/{dollar}1$a斎藤恵彦,$d1933-
=880  \0$6830-05/{dollar}1$a文庫クセジュ ;$v693.
=859  \\$aORR$bJapanKnowledge
=CAT  \\$aW1704-1242$b00$c20170509$lBLL01$h0927
=CAT  \\$aBATCH-UPD$b00$c20170509$lBLL01$h0933
=CAT  \\$aBATCH-UPD$b00$c20170509$lBLL01$h0939
=CAT  \\$aW2003-0365$c20200305$lBLL01$h1101
=FIN  \\$aY$d20170509
=SID  \\$aZ30$bOCLC
=SRC  \\$aJapanKnowledge_2017$bJK_OCLC20170203.mrc
=LAS  \\$aW2003-0365$b00$c20200305$lBLL01$h1101

