=LDR  02747 am a22006857i 4500
=001  018338037
=003  Uk
=005  20170106042944.0
=006  m\\\\\o\\d\\\\\\\\
=007  cr\|||||||||||
=008  100629s1975\\\\ja\\\\\\ob\\\\000\0\jpn\d
=FMT  \\$a  BK
=019  \\$a301182436
=035  \\$a(OCoLC)644834270$z(OCoLC)301182436
=040  \\$aOCLCE$beng$cOCLCE$dCUS$dOCLCO$dOCLCQ$dOCLCO$dOCLCQ$dOCLCF$dOCLCO$dYUS$dOCLCO$dYUS$dOCLCO$dOCLCQ$dYUS$dOCLCO$dUk$epn
=042  \\$adlr
=043  \\$aa-kr---
=050  \4$aPL965$b.K5516
=084  \\$a929.1$2z
=100  1\$6880-01$aKim, Tʿae-ju,$d1931-
=240  10$6880-02$aChosŏn sosŏlsa.$lJapanese
=245  10$6880-03$aChōsen shōsetsushi /$cKin Daishun ; An Ushoku chū.
=250  \\$6880-04$aShohan.
=260  \\$6880-05$aTōkyō :$bHeibonsha,$cShōwa 50 [1975]
=300  \\$a1 online resource (xiii, 404 pages).
=336  \\$atext$btxt$2rdacontent
=337  \\$acomputer$bc$2rdamedia
=338  \\$aonline resource$bcr$2rdacarrier
=490  1\$6880-06$aTōyō bunko ;$v270
=504  \\$aIncludes bibliographical references.
=588  0\$aPrint version record.
=650  \0$aKorean fiction$xHistory and criticism.
=650  \7$aKorean fiction.$2fast$0(OCoLC)fst00988681
=650  07$6880-07$aShōsetsu(Chōsen)-Rekishi.$2jlabsh/3
=653  \\$6880-08$aChōsenshōsetsu$aRekishi.
=655  \7$aCriticism, interpretation, etc.$2fast$0(OCoLC)fst01411635
=700  1\$6880-09$aAn, U-sik,$d1932-
=773  0\$tJapanKnowledge
=776  08$iPrint version:$aKim, T'ae-ju, 1931-$sChosŏn sosŏlsa. Japanese.$tChōsen shōsetsushi.$dTōkyō : Heibonsha, Shōwa 50 [1975]
=830  \0$6880-10$aTōyō bunko$v270.
=856  40$3JapanKnowledge$uhttp://japanknowledge.com/lib/display/?lid=80010V0270P0002$yJapanKnowledge Lib
=880  1\$6100-01/{dollar}1$a金台俊,$dactive 1931-
=880  10$6240-02/{dollar}1$a朝鮮小說史.$lJapanese
=880  10$6245-03/{dollar}1$a朝鮮小說史 /$c金台俊 ; 安宇植注.
=880  \\$6250-04/{dollar}1$a初版.
=880  \\$6260-05/{dollar}1$a東京 :$b平凡社,$c昭和50 [1975]
=880  1\$6490-06/{dollar}1$a東洋文庫 ;$v270
=880  07$6650-07/{dollar}1$a小說(朝鮮)-歴史.$2jlabsh/3
=880  \\$6653-08/{dollar}1$a朝鮮小說$a歴史.
=880  1\$6700-09/{dollar}1$a安宇植,$d1932-
=880  \0$6830-10/{dollar}1$a東洋文庫 ;$v270.
=859  \\$aORR$bJapanKnowledge
=CAT  \\$aW1704-1242$b00$c20170509$lBLL01$h0927
=CAT  \\$aBATCH-UPD$b00$c20170509$lBLL01$h0933
=CAT  \\$aBATCH-UPD$b00$c20170509$lBLL01$h0939
=CAT  \\$aW2003-0365$c20200305$lBLL01$h1101
=FIN  \\$aY$d20170509
=SID  \\$aZ30$bOCLC
=SRC  \\$aJapanKnowledge_2017$bJK_OCLC20170203.mrc
=LAS  \\$aW2003-0365$b00$c20200305$lBLL01$h1101

