=LDR  02362 am a22005417a 4500
=001  018338038
=003  Uk
=005  20170106042945.0
=006  m\\\\\o\\d\\\\\\\\
=007  cr\unu---uuaua
=008  090107m19691997ja\abc\\ob\\\\000\0bjpn\d
=FMT  \\$a  BK
=035  \\$a(OCoLC)297428489
=040  \\$aOCLCE$beng$cOCLCE$dOCLCQ$dCUS$dOCLCQ$dOCLCF$dOCLCQ$dYUS$dOCLCO$dYUS$dOCLCO$dOCLCQ$dYUS$dOCLCO$dUk$epn
=050  \4$aBV3427.R46$bH5
=100  1\$6880-01$aHirakawa, Sukehiro,$d1931-
=245  10$6880-02$aMatteo Ritchi den /$cHirakawa Sukehiro cho.
=250  \\$6880-03$aShohan.
=260  \\$6880-04$aTōkyō :$bHeibonsha,$cShōwa 44 [1969]-1997.
=300  \\$a1 online resource (3 volumes) :$billustrations, map, portraits.
=336  \\$atext$btxt$2rdacontent
=337  \\$acomputer$bc$2rdamedia
=338  \\$aonline resource$bcr$2rdacarrier
=490  1\$6880-05$aTōyō bunko ;$v141, 624, 627
=504  \\$aIncludes bibliographical references.
=588  0\$aPrint version record.
=600  10$aRicci, Matteo,$d1552-1610.
=600  17$aRicci, Matteo,$d1552-1610$2fast$0(OCoLC)fst00066536
=773  0\$tJapanKnowledge
=776  08$iPrint version:$aHirakawa, Sukehiro, 1931-$tMatteo Ritchi den.$dTōkyō : Heibonsha, Shōwa 44- [1969-
=830  \0$6880-06$aTōyō bunko$v141, 624, 627.
=856  40$3JapanKnowledge Volume 1$uhttp://japanknowledge.com/lib/display/?lid=80010V0141P0002$yJapanKnowledge Lib
=856  40$3JapanKnowledge Volume 2$uhttp://japanknowledge.com/lib/display/?lid=80010V0624P0002$yJapanKnowledge Lib
=856  40$3JapanKnowledge Volume 3$uhttp://japanknowledge.com/lib/display/?lid=80010V0627P0002$yJapanKnowledge Lib
=880  1\$6100-01/{dollar}1$a平川祐弘,$d1931-
=880  10$6245-02/{dollar}1$aマッテオ・リッチ伝 /$c平川祐弘著.
=880  \\$6250-03/{dollar}1$a初版.
=880  \\$6260-04/{dollar}1$a東京 :$b平凡社,$c昭和 44 [1969]-1997.
=880  1\$6490-05/{dollar}1$a東洋文庫 ;$v141, 624, 627
=880  \0$6830-06/{dollar}1$a東洋文庫 ;$v141, 624, 627.
=859  \\$aORR$bJapanKnowledge
=CAT  \\$aW1704-1242$b00$c20170509$lBLL01$h0927
=CAT  \\$aBATCH-UPD$b00$c20170509$lBLL01$h0933
=CAT  \\$aW2003-0365$c20200305$lBLL01$h1101
=FIN  \\$aY$d20170509
=SID  \\$aZ30$bOCLC
=SRC  \\$aJapanKnowledge_2017$bJK_OCLC20170203.mrc
=LAS  \\$aW2003-0365$b00$c20200305$lBLL01$h1101

