=LDR  03233 am a2200721 i 4500
=001  018338039
=003  Uk
=005  20170106042945.0
=008  120228s1973\\\\ja\\\\\\o\\\\\000\0\jpn\\
=FMT  \\$a  BK
=035  \\$a(OCoLC)778583192
=040  \\$aCUS$beng$cCUS$dOCLCO$dOCLCA$dOCLCF$dYUS$dOCLCO$dOCLCQ$dOCLCO$dYUS$dOCLCO$dOCL$dOCLCQ$dYUS$dOCLCO$dUk
=043  \\$aa-cc---
=050  \4$aDS771.5$b.M34
=100  1\$6880-01,$aMakita, Eiji,$d1937-$ecompiler.
=245  10$6880-02$aGiwadan minwashū /$cMakita Eiji, Katō Chiyo hen'yaku.
=250  \\$6880-03$aShohan.
=260  \\$6880-04$aTōkyō :$bHeibonsha,$cShōwa 48 [1973]
=300  \\$a1 online resource (393 pages).
=336  \\$atext$btxt$2rdacontent
=337  \\$acomputer$bc$2rdamedia
=338  \\$aonline resource$bcr$2rdacarrier
=490  1\$6880-05$aChūgoku no kōshō bungei ;$v1
=490  1\$6880-06$aTōyō bunko ;$v244
=500  \\$6880-07$aChō Shiketsu Giwadan minwa saishū seiri nōto: p. 311-361.
=588  0\$aPrint version record.
=611  27$aBoxer Rebellion (China : 1899-1901)$2fast$0(OCoLC)fst01352136
=648  \7$a1899-1901$2fast
=650  07$6880-08$aMinwa-Chūgoku.$2jlabsh/4
=650  07$6880-09$aGiwadan no ran.$2jlabsh/4
=651  \0$aChina$xHistory$yBoxer Rebellion, 1899-1901$vAnecdotes.
=651  \7$aChina.$2fast$0(OCoLC)fst01206073
=655  \7$aAnecdotes.$2fast$0(OCoLC)fst01423876
=655  \7$aHistory.$2fast$0(OCoLC)fst01411628
=700  1\$6880-10,$aKatō, Chiyo,$d1943-$ecompiler.
=700  12$6880-11.$aZhang, Shijie,$d1930 or 1931-1978$tMan tan yi he tuan gu shi de sou ji zheng li yu chuang zuo.$lJapanese.
=773  0\$tJapanKnowledge
=776  08$iPrint version:$aMakita, Eiji, 1937-$tGiwadan minwashū.$dTōkyō : Heibonsha, Shōwa 48 [1973]
=830  \0$6880-12$aChūgoku no kōshō bungei ;$v1.
=830  \0$6880-13$aTōyō bunko$v244.
=856  40$3JapanKnowledge$uhttp://japanknowledge.com/lib/display/?lid=80010V0244P0002$yJapanKnowledge Lib
=880  1\$6100-01/{dollar}1$a牧田英二,$d1937-$ecompiler.
=880  10$6245-02/{dollar}1$a義和団民話集 /$c牧田英二, 加藤千代編訳.
=880  \\$6250-03/{dollar}1$a初版.
=880  \\$6260-04/{dollar}1$a東京 :$b平凡社,$c昭和 48 [1973]
=880  1\$6490-05/{dollar}1$a中国の口承文芸 ;$v1
=880  1\$6490-06/{dollar}1$a東洋文庫 ;$v244
=880  \\$6500-07/{dollar}1$a張士杰 義和団民話採集整理ノート: p. 311-361.
=880  07$6650-08/{dollar}1$a民話-中国.$2jlabsh/4
=880  07$6650-09/{dollar}1$a義和団の乱(1899-1900)$2jlabsh/4
=880  1\$6700-10/{dollar}1$a加藤千代,$d1943-$ecompiler.
=880  12$6700-11/{dollar}1$a張士杰,$d1930 or 1931-1978.$t漫談義和団故事的搜集整理与創作.$lJapanese.
=880  \0$6830-12/{dollar}1$a中国の口承文芸 ;$v1.
=880  \0$6830-13/{dollar}1$a東洋文庫 ;$v244.
=859  \\$aORR$bJapanKnowledge
=CAT  \\$aW1704-1242$b00$c20170509$lBLL01$h0927
=CAT  \\$aBATCH-UPD$b00$c20170509$lBLL01$h0933
=CAT  \\$aBATCH-UPD$b00$c20170509$lBLL01$h0939
=CAT  \\$aW2003-0365$c20200305$lBLL01$h1101
=FIN  \\$aY$d20170509
=SID  \\$aZ30$bOCLC
=SRC  \\$aJapanKnowledge_2017$bJK_OCLC20170203.mrc
=LAS  \\$aW2003-0365$b00$c20200305$lBLL01$h1101

