=LDR  02286 am a22005897a 4500
=001  018338040
=003  Uk
=005  20170106042945.0
=006  m\\\\\o\\d\\\\\\\\
=007  cr\un|||||||||
=008  090130s1983\\\\ja\\\\\\ob\\\\000\0\jpn\d
=FMT  \\$a  BK
=035  \\$a(OCoLC)300503295
=040  \\$aOCLCE$beng$cOCLCE$dOCL$dCUS$dOCLCQ$dOCLCF$dYUS$dOCLCO$dYUS$dOCLCO$dOCLCQ$dYUS$dOCLCO$dUk$epn
=043  \\$aa-ja---
=050  \4$aPN2924.5.S3$bF8 1983
=100  1\$6880-01$aFujiwara, Akihira,$d989-1066
=245  10$6880-02$aShin sarugakuki /$cFujiwara Akihira ; Kawaguchi Hisao yakuchū.
=250  \\$6880-03$aShohan.
=260  \\$6880-04$aTōkyō :$bHeibonsha,$c1983.
=300  \\$a1 online resource (xiii, 417 pages).
=336  \\$atext$btxt$2rdacontent
=337  \\$acomputer$bc$2rdamedia
=338  \\$aonline resource$bcr$2rdacarrier
=490  1\$6880-05$aTōyō bunko ;$v424
=504  \\$aIncludes bibliographical references (pages 406-417).
=588  0\$aPrint version record.
=650  \0$aSarugaku$xHistory.
=650  \0$aSarugaku.
=650  \7$aSarugaku.$2fast$0(OCoLC)fst01105595
=655  \7$aHistory.$2fast$0(OCoLC)fst01411628
=700  1\$6880-06$aKawaguchi, Hisao,$d1910-1993
=773  0\$tJapanKnowledge
=776  08$iPrint version:$aFujiwara, Akihira, 989-1066.$tShin sarugakuki.$bShohan.$dTōkyō : Heibonsha, 1983
=830  \0$6880-07$aTōyō bunko$v424.
=856  40$3JapanKnowledge$uhttp://japanknowledge.com/lib/display/?lid=80010V0424P0002$yJapanKnowledge Lib
=880  1\$6100-01/{dollar}1$a藤原明衡,$d989-1066.
=880  10$6245-02/{dollar}1$a新猿楽記 /$c藤原明衡 ; 川口久雄訳注.
=880  \\$6250-03/{dollar}1$a初版.
=880  \\$6260-04/{dollar}1$a東京 :$b平凡社,$c1983.
=880  1\$6490-05/{dollar}1$a東洋文庫 ;$v424
=880  1\$6700-06/{dollar}1$a川口久雄,$d1910-1993.
=880  \0$6830-07/{dollar}1$a東洋文庫 ;$v424.
=859  \\$aORR$bJapanKnowledge
=CAT  \\$aW1704-1242$b00$c20170509$lBLL01$h0927
=CAT  \\$aBATCH-UPD$b00$c20170509$lBLL01$h0933
=CAT  \\$aBATCH-UPD$b00$c20170509$lBLL01$h0939
=CAT  \\$aW2003-0365$c20200305$lBLL01$h1101
=FIN  \\$aY$d20170509
=SID  \\$aZ30$bOCLC
=SRC  \\$aJapanKnowledge_2017$bJK_OCLC20170203.mrc
=LAS  \\$aW2003-0365$b00$c20200305$lBLL01$h1101

