=LDR  02492 am a22005894i 4500
=001  018338041
=003  Uk
=005  20170106042946.0
=006  m\\\\\o\\d\\\\\\\\
=007  cr\|||||||||||
=008  151113s1964\\\\ja\\\\\\ob\\\\000\0\jpn\d
=FMT  \\$a  BK
=020  \\$z456005357X
=020  \\$z9784560053577
=035  \\$a(OCoLC)929028973
=040  \\$aSTF$beng$cYUS$dOCLCO$dYUS$dOCLCO$dOCLCF$dUk$erda$epn
=041  1\$ajpn$hfre
=050  \4$aHQ111$b.M3163 1964
=100  1\$aMancini, Jean Gabriel,$eauthor.
=240  10$aProstitution et proxénétisme.$lJapanese
=245  10$6880-01$aBaishun no shakaigaku /$cJan-Gaburieru Manshini cho ; Susato Shigeru yaku.
=264  \1$6880-02$aTōkyō :$bHakusuisha,$c1964.
=300  \\$a1 online resource (147, 1 pages).
=336  \\$atext$btxt$2rdacontent
=337  \\$acomputer$bc$2rdamedia
=338  \\$aonline resource$bcr$2rdacarrier
=490  1\$6880-03$aBunko kuseju ;$v357
=500  \\$aTranslation of: Prostitution et proxénétisme.
=504  \\$aIncludes bibliographical references.
=588  \\$aDescription based on print version record.
=650  \0$aProstitution.
=650  \7$aProstitution.$2fast$0(OCoLC)fst01079562
=700  1\$6880-04,$aSusato, Shigeru,$d1926-$etranslator.
=773  0\$tJapanKnowledge
=776  08$6880-05$iPrint version:$aMancini, Jean Gabriel.$sProstitution et proxénétisme. Japanese.$tBaishun no shakaigaku.$dTōkyō : Hakusuisha, 1964
=830  \0$6880-06$aBunko kuseju$v357.
=856  40$3JapanKnowledge$uhttp://japanknowledge.com/lib/display/?lid=8021003570000$yJapanKnowledge Lib
=880  10$6245-01$a売春の社会学 /$cジャン-ガブリエル・マンシニ著 ; 寿里茂訳.
=880  \1$6264-02$a東京 :$b白水社,$c1964.
=880  1\$6490-03$a文庫クセジュ ;$v357
=880  1\$6700-04$a寿里茂,$d1926-$etranslator.
=880  08$6776-05$iPrint version:$aMancini, Jean Gabriel.$sProstitution et proxénétisme. Japanese.$t売春の社会学.$d東京 : 白水社, 1964$w(OCoLC)33647925
=880  \0$6830-06$a文庫クセジュ ;$v357.
=859  \\$aORR$bJapanKnowledge
=CAT  \\$aW1704-1242$b00$c20170509$lBLL01$h0927
=CAT  \\$aBATCH-UPD$b00$c20170509$lBLL01$h0933
=CAT  \\$aBATCH-UPD$b00$c20170509$lBLL01$h0939
=CAT  \\$aW2003-0365$c20200305$lBLL01$h1101
=FIN  \\$aY$d20170509
=SID  \\$aZ30$bOCLC
=SRC  \\$aJapanKnowledge_2017$bJK_OCLC20170203.mrc
=LAS  \\$aW2003-0365$b00$c20200305$lBLL01$h1101

