=LDR  02816 am a22006857a 4500
=001  018338042
=003  Uk
=005  20170106042946.0
=006  m\\\\\o\\d\\\\\\\\
=007  cr\|||||||||||
=008  100323s1985\\\\ja\a\\\\ob\\\\001\0ajpn\d
=FMT  \\$a  BK
=019  \\$a298989782
=020  \\$z4582804489
=020  \\$z9784582804485
=035  \\$a(OCoLC)567822601$z(OCoLC)298989782
=040  \\$aOCLCE$beng$cOCLCE$dOCLCQ$dCUS$dOCLCQ$dOCLCO$dOCLCF$dOCLCO$dYUS$dOCLCO$dOCLCA$dYUS$dOCLCO$dOCLCQ$dYUS$dOCLCO$dUk$epn
=042  \\$adlr
=043  \\$aa-ja---
=050  \4$aDS894.49.M872$bM85 1985
=100  1\$6880-01$aMurao, Karyō,$d1760-1841
=240  10$6880-02$aKaryō kikō
=245  10$6880-03$aEdo kingō michishirube /$cMurao Karyō ; Asakura Haruhiko henchū.
=250  \\$6880-04$aShohan.
=260  \\$6880-05$aTōkyō :$bHeibonsha,$c1985.
=300  \\$a1 online resource (vi, 418, 5, 16 pages) :$billustrations.
=336  \\$atext$btxt$2rdacontent
=337  \\$acomputer$bc$2rdamedia
=338  \\$aonline resource$bcr$2rdacarrier
=490  1\$6880-06$aTōyō bunko ;$v448
=504  \\$aIncludes bibliographical references and index.
=588  0\$aPrint version record.
=600  10$6880-07$aMurao, Karyō,$d1760-1841$xTravel$zJapan$zMusashi Region.
=600  17$aMurao, Karyō,$d1760-1841$2fast$0(OCoLC)fst00175637
=650  \7$aTravel.$2fast$0(OCoLC)fst01155558
=651  \0$aMusashi Region (Japan)$xDescription and travel.
=651  \7$aJapan$zMusashi Region.$2fast$0(OCoLC)fst01240844
=700  1\$6880-08$aAsakura, Haruhiko,$d1924-2013
=773  0\$tJapanKnowledge
=776  08$iPrint version:$aMurao, Karyō, 1760-1841.$sKaryō kikō.$tEdo kingō michishirube.$bShohan.$dTōkyō : Heibonsha, 1985
=830  \0$6880-09$aTōyō bunko$v448.
=856  40$3JapanKnowledge$uhttp://japanknowledge.com/lib/display/?lid=80010V0448P0002$yJapanKnowledge Lib
=880  1\$6100-01/{dollar}1$a村尾嘉陵,$d1760-1841.
=880  10$6240-02/{dollar}1$a嘉陵紀行
=880  10$6245-03/{dollar}1$a江戶近郊道しるべ /$c村尾嘉陵 ; 朝倉治彦編注.
=880  \\$6250-04/{dollar}1$a初版.
=880  \\$6260-05/{dollar}1$a東京 :$b平凡社,$c1985.
=880  1\$6490-06/{dollar}1$a東洋文庫 ;$v448
=880  14$6600-07/{dollar}1$a村尾嘉陵,$d1760-1841$xTravel$zJapan$zMusashi Region.
=880  1\$6700-08/{dollar}1$a朝倉治彦,$d1924-
=880  \0$6830-09/{dollar}1$a東洋文庫 ;$v448.
=859  \\$aORR$bJapanKnowledge
=CAT  \\$aW1704-1242$b00$c20170509$lBLL01$h0927
=CAT  \\$aBATCH-UPD$b00$c20170509$lBLL01$h0933
=CAT  \\$aBATCH-UPD$b00$c20170509$lBLL01$h0939
=CAT  \\$aW2003-0365$c20200305$lBLL01$h1101
=FIN  \\$aY$d20170509
=SID  \\$aZ30$bOCLC
=SRC  \\$aJapanKnowledge_2017$bJK_OCLC20170203.mrc
=LAS  \\$aW2003-0365$b00$c20200305$lBLL01$h1101

