=LDR  02513 am a22006137a 4500
=001  018338043
=003  Uk
=005  20170106042946.0
=006  m\\\\\o\\d\\\\\\\\
=007  cr\un|||||||||
=008  090130s1999\\\\ja\\\\\\ob\\\\000\0\jpn\d
=FMT  \\$a  BK
=035  \\$a(OCoLC)300631796
=040  \\$aOCLCE$beng$cOCLCE$dOCL$dCUS$dOCLCQ$dOCLCF$dOCLCO$dYUS$dOCLCO$dYUS$dOCLCO$dOCLCQ$dYUS$dOCLCO$dUk$epn
=041  0\$ajpn$htam
=043  \\$aa-ii---
=050  \4$aPL4758.2$b.T57 1999
=100  0\$aTiruvaḷḷuvar.
=240  10$aTirukkur̲aḷ.$lJapanese
=245  10$6880-01$aTirukkuraru :$bkodai Tamiru no shingenshū /$cTiruvarruvaru ; Takahashi Takanobu yakuchū.
=250  \\$6880-02$aShohan.
=260  \\$6880-03$aTōkyō :$bHeibonsha,$c1999.
=300  \\$a1 online resource (333 pages).
=336  \\$atext$btxt$2rdacontent
=337  \\$acomputer$bc$2rdamedia
=338  \\$aonline resource$bcr$2rdacarrier
=490  1\$6880-04$aTōyō bunko ;$v660
=504  \\$aIncludes bibliographical references (pages 312-314).
=588  0\$aPrint version record.
=648  \7$aTo 1500$2fast
=650  \0$aLove poetry, Tamil$xHistory and criticism.
=650  \0$aTamil poetry$yTo 1500$xHistory and criticism.
=650  \7$aLove poetry, Tamil.$2fast$0(OCoLC)fst01002963
=650  \7$aTamil poetry.$2fast$0(OCoLC)fst01142555
=655  \7$aCriticism, interpretation, etc.$2fast$0(OCoLC)fst01411635
=700  1\$6880-05$aTakahashi, Takanobu.
=773  0\$tJapanKnowledge
=776  08$iPrint version:$aTiruvaḷḷuvar.$sTirukkur̲aḷ. Japanese.$tTirukkuraru.$bShohan.$dTōkyō : Heibonsha, 1999$z4582806600$z9784582806601
=830  \0$6880-06$aTōyō bunko$v660.
=856  40$3JapanKnowledge$uhttp://japanknowledge.com/lib/display/?lid=80010V0660P0002$yJapanKnowledge Lib
=880  10$6245-01/{dollar}1$aティルックラル :$b古代タミルの箴言集 /$cティルヴァッルヴァル ; 高橋孝信訳注.
=880  \\$6250-02/{dollar}1$a初版.
=880  \\$6260-03/{dollar}1$a東京 :$b平凡社,$c1999.
=880  1\$6490-04/{dollar}1$a東洋文庫 ;$v660
=880  1\$6700-05/{dollar}1$a高橋孝信.
=880  \0$6830-06/{dollar}1$a東洋文庫 ;$v660.
=859  \\$aORR$bJapanKnowledge
=CAT  \\$aW1704-1242$b00$c20170509$lBLL01$h0927
=CAT  \\$aBATCH-UPD$b00$c20170509$lBLL01$h0933
=CAT  \\$aW2003-0365$c20200305$lBLL01$h1101
=FIN  \\$aY$d20170509
=SID  \\$aZ30$bOCLC
=SRC  \\$aJapanKnowledge_2017$bJK_OCLC20170203.mrc
=LAS  \\$aW2003-0365$b00$c20200305$lBLL01$h1101

