=LDR  02310 am a22005894i 4500
=001  018338044
=003  Uk
=005  20170106042947.0
=006  m\\\\\o\\d\\\\\\\\
=007  cr\|||||||||||
=008  151113s1969\\\\ja\\\\\\ob\\\\000\0\jpn\d
=FMT  \\$a  BK
=035  \\$a(OCoLC)929031103
=040  \\$aCNEAL$beng$cYUS$dOCLCO$dYUS$dOCLCO$dOCLCF$dOCL$dUk$erda$epn
=041  1\$ajpn$hfre
=050  \4$aDG231$b.C6167 1969
=100  1\$aClérici, André,$eauthor.
=245  10$6880-01$aRōma kyōwasei /$cAndore Kurerishi, Antowānu Oriveji kyōcho ; Takada Kunihiko, Ishikawa Katsuji kyōyaku.
=264  \1$6880-02$aTōkyō :$bHakusuisha,$c1969.
=300  \\$a1 online resource.
=336  \\$atext$btxt$2rdacontent
=337  \\$acomputer$bc$2rdamedia
=338  \\$aonline resource$bcr$2rdacarrier
=490  1\$6880-03$aBunko kuseju ;$v454
=504  \\$aIncludes bibliographical references.
=588  \\$aDescription based on print version.
=648  \7$a510-30 B.C$2fast
=651  \0$aRome$xHistory$yRepublic, 510-30 B.C.
=651  \7$aRome (Empire)$2fast$0(OCoLC)fst01204885
=655  \7$aHistory.$2fast$0(OCoLC)fst01411628
=700  1\$6880-04$aTakada, Kunihiko,$d1930-
=700  1\$6880-05$aIshikawa, Katsuji,$d1940-
=700  1\$aOlivesi, Antoine.
=730  0\$aRèpublique Romaine.
=773  0\$tJapanKnowledge
=776  08$iPrint version:$tRōma kyōwasei
=830  \0$6880-06$aBunko kuseju$v454.
=856  40$3JapanKnowledge$uhttp://japanknowledge.com/lib/display/?lid=8021004540000$yJapanKnowledge Lib
=880  10$6245-01/{dollar}1$aローマ共和政 /$cアンドレ・クレリシ, アントワーヌ・オリヴェジ共著 ; 高田邦彥, 石川勝二共訳.
=880  \1$6264-02/{dollar}1$a東京 :$b白水社,$c1969.
=880  1\$6490-03/{dollar}1$a文庫クセジュ ;$v454
=880  1\$6700-04/{dollar}1$a高田邦彥,$d1930-
=880  1\$6700-05/{dollar}1$a石川勝二,$d1940-
=880  \0$6830-06/{dollar}1$a文庫クセジュ ;$v454.
=859  \\$aORR$bJapanKnowledge
=CAT  \\$aW1704-1242$b00$c20170509$lBLL01$h0927
=CAT  \\$aBATCH-UPD$b00$c20170509$lBLL01$h0933
=CAT  \\$aW2003-0365$c20200305$lBLL01$h1101
=FIN  \\$aY$d20170509
=SID  \\$aZ30$bOCLC
=SRC  \\$aJapanKnowledge_2017$bJK_OCLC20170203.mrc
=LAS  \\$aW2003-0365$b00$c20200305$lBLL01$h1101

