=LDR  02318 am a22006014i 4500
=001  018338045
=003  Uk
=005  20170106042947.0
=006  m\\\\\o\\d\\\\\\\\
=007  cr\|||||||||||
=008  151113s1998\\\\ja\\\\\go\\\\\000\0\jpnod
=FMT  \\$a  BK
=020  \\$z4560058067
=020  \\$z9784560058060
=035  \\$a(OCoLC)929031375
=040  \\$aCNEAL$beng$cYUS$dOCLCO$dYUS$dOCLCO$dOCLCF$dOCL$dUk$erda$epn
=041  1\$ajpn$hfre
=050  \4$aCR4529.F8$bF56165 1998
=100  1\$aFlori, Jean,$eauthor.
=240  10$aChevalerie en France au Moyen Age.$lJapanese
=245  10$6880-01$aChūsei Furansu no kishi /$cJan Furori cho ; Niikura Shun'ichi yaku.
=264  \1$6880-02$aTōkyō :$bHakusuisha,$c1998.
=300  \\$a1 online resource.
=336  \\$atext$btxt$2rdacontent
=337  \\$acomputer$bc$2rdamedia
=338  \\$aonline resource$bcr$2rdacarrier
=490  1\$6880-03$aBunko kuseju ;$v806
=500  \\$aTranslation of: La chevalerie en France au Moyen Age.
=588  \\$aDescription based on print version.
=648  \7$a1328-1600$2fast
=650  \0$aKnights and knighthood$zFrance.
=650  \7$aKnights and knighthood.$2fast$0(OCoLC)fst00988113
=650  \7$aManners and customs.$2fast$0(OCoLC)fst01007815
=651  \0$aFrance$xSocial life and customs$y1328-1600.
=651  \7$aFrance.$2fast$0(OCoLC)fst01204289
=700  1\$6880-04$aNiikura, Shun'ichi,$d1932-2002.
=773  0\$tJapanKnowledge
=776  08$iPrint version:$tChūsei furansu no kishi
=830  \0$6880-05$aBunko kuseju$v806.
=856  40$3JapanKnowledge$uhttp://japanknowledge.com/lib/display/?lid=8021008060000$yJapanKnowledge Lib
=880  10$6245-01/{dollar}1$a中世フランスの騎士 /$cジャン・フロリ著 ; 新倉俊一訳
=880  \1$6264-02/{dollar}1$a東京 :$b白水社,$c1998.
=880  1\$6490-03/{dollar}1$a文庫クセジュ;$v806
=880  1\$6700-04/{dollar}1$a新倉, 俊一,$d1932-2002.
=880  \0$6830-05/{dollar}1$a文庫クセジュ;$v806.
=859  \\$aORR$bJapanKnowledge
=CAT  \\$aW1704-1242$b00$c20170509$lBLL01$h0927
=CAT  \\$aBATCH-UPD$b00$c20170509$lBLL01$h0933
=CAT  \\$aW2003-0365$c20200305$lBLL01$h1101
=FIN  \\$aY$d20170509
=SID  \\$aZ30$bOCLC
=SRC  \\$aJapanKnowledge_2017$bJK_OCLC20170203.mrc
=LAS  \\$aW2003-0365$b00$c20200305$lBLL01$h1101

