=LDR  02732 am a22006857a 4500
=001  018338046
=003  Uk
=005  20170106042947.0
=006  m\\\\\o\\d\\\\\\\\
=007  cr\un|||||||||
=008  120329s1997\\\\ja\a\\\\o\\\\\001\0\jpn\d
=FMT  \\$a  BK
=020  \\$z4582806112$q(v. 1)
=020  \\$z9784582806113$q(v. 1)
=035  \\$a(OCoLC)781971241
=040  \\$aCUS$beng$cCUS$dOCLCQ$dOCLCA$dOCLCQ$dOCLCF$dOCLCO$dYUS$dOCLCO$dYUS$dOCLCQ$dYUS$dOCLCO$dUk
=043  \\$aa-ja---
=050  14$aPL776.5 .K33 1997
=100  1\$6880-01$aKaiga, Hentetsu,$d1871-
=245  10$6880-02$aShinpen Rakugo no sage /$cKaiga Hentetsu cho ; Koide Masahiro hen.
=246  30$6880-03$aRakugo no sage
=250  \\$6880-04$aShohan.
=260  \\$6880-05$aTōkyō :$bHeibonsha,$c1997.
=300  \\$a1 online resource (2 volumes).
=336  \\$atext$btxt$2rdacontent
=337  \\$acomputer$bc$2rdamedia
=338  \\$aonline resource$bcr$2rdacarrier
=490  1\$6880-06$aTōyō bunkō ;$v611, 615
=500  \\$aIncludes index.
=588  0\$aPrint version record.
=650  \0$aRakugo$vStories, plots, etc.
=650  \0$aRakugo$xHistory and criticism.
=650  \7$aRakugo.$2fast$0(OCoLC)fst01089645
=650  07$6880-07$aRakugo.$2jlabsh/3
=655  \7$aCriticism, interpretation, etc.$2fast$0(OCoLC)fst01411635
=655  \7$aStories, plots, etc.$2fast$0(OCoLC)fst01423908
=700  1\$6880-08$aKoide, Masahiro.
=773  0\$tJapanKnowledge
=776  08$iPrint version:$aKaiga, Hentetsu, b. 1871.$tShinpen Rakugo no sage.$bShohan.$dTōkyō : Heibonsha, 1997$z4582806112
=830  \0$6880-09$aTōyō bunko$v611, 615.
=856  40$3JapanKnowledge Volume 2$uhttp://japanknowledge.com/lib/display/?lid=80010V0615P0002$yJapanKnowledge Lib
=856  40$3JapanKnowledge Volume 1$uhttp://japanknowledge.com/lib/display/?lid=80010V0611P0002$yJapanKnowledge Lib
=880  1\$6100-01/{dollar}1$a海賀変哲,$d1871-
=880  10$6245-02/{dollar}1$a新編落語の落 /$c海賀変哲著 ; 小出昌洋編.
=880  30$6246-03/{dollar}1$a落語の落
=880  \\$6250-04/{dollar}1$a初版.
=880  \\$6260-05/{dollar}1$a東京 :$b平凡社,$c1997.
=880  1\$6490-06/{dollar}1$a東洋文庫 ;$v611, 615
=880  07$6650-07/{dollar}1$a落語.$2jlabsh/3
=880  1\$6700-08/{dollar}1$a小出昌洋.
=880  \0$6830-09/{dollar}1$a東洋文庫 ;$v611, 615.
=859  \\$aORR$bJapanKnowledge
=CAT  \\$aW1704-1242$b00$c20170509$lBLL01$h0927
=CAT  \\$aBATCH-UPD$b00$c20170509$lBLL01$h0933
=CAT  \\$aBATCH-UPD$b00$c20170509$lBLL01$h0939
=CAT  \\$aW2003-0365$c20200305$lBLL01$h1101
=FIN  \\$aY$d20170509
=SID  \\$aZ30$bOCLC
=SRC  \\$aJapanKnowledge_2017$bJK_OCLC20170203.mrc
=LAS  \\$aW2003-0365$b00$c20200305$lBLL01$h1101

