=LDR  02392 am a22005894i 4500
=001  018338047
=003  Uk
=005  20170106042947.0
=006  m\\\\\o\\d\\\\\\\\
=007  cr\|||||||||||
=008  151113s1961\\\\ja\\\\\\o\\\\\000\0\jpn\d
=FMT  \\$a  BK
=020  \\$z4560053138
=020  \\$z9784560053133
=035  \\$a(OCoLC)929028986
=040  \\$aSTF$beng$cYUS$dOCLCO$dYUS$dOCLCO$dOCLCF$dUk$erda$epn
=041  1\$ajpn$hfre
=050  \4$aML1200$b.A8163 1961
=100  1\$aAubert, Louis,$d1877-1968,$eautor.
=240  10$aOrchestre.$lJapanese
=245  10$6880-01$aKangengaku /$cRui Obēru, Maruseru Randosuki kyōcho ; Komatsu Kiyoshi yaku.
=264  \1$6880-02$aTōkyō :$bHakusuisha,$c1961.
=300  \\$a1 online resource.
=336  \\$atext$btxt$2rdacontent
=337  \\$acomputer$bc$2rdamedia
=338  \\$aonline resource$bcr$2rdacarrier
=490  1\$6880-03$aBunko kuseju ;$v313
=500  \\$aTranslation of: L'orchestre.
=588  \\$aDescription based on print version record.
=650  \0$aOrchestra$xHistory.
=650  \7$aOrchestra.$2fast$0(OCoLC)fst01047284
=655  \7$aHistory.$2fast$0(OCoLC)fst01411628
=700  1\$6880-04$aKomatsu, Kiyoshi,$d1899-$etranslator.
=700  1\$aLandowski, Marcel,$d1915-1999,$eauthor.
=773  0\$tJapanKnowledge
=776  08$6880-05$iPrint version:$aAubert, Louis, 1877-1968.$sOrchestre. Japanese.$tKangengaku.$dTōkyō : Hakusuisha, 1961
=830  \0$6880-06$aBunko kuseju$v313.
=856  40$3JapanKnowledge$uhttp://japanknowledge.com/lib/display/?lid=8021003130000$yJapanKnowledge Lib
=880  10$6245-01$a管弦楽 /$cルイ・オベール, マルセル・ランドスキ共著 ; 小松清訳.
=880  \1$6264-02$a東京 :$b白水社,$c1961.
=880  1\$6490-03$a文庫クセジュ ;$v313
=880  1\$6700-04$a小松清,$d1899-$etranslator.
=880  08$6776-05$iPrint version:$aAubert, Louis, 1877-1968.$sOrchestre. Japanese.$t管弦楽.$d東京 : 白水社, 1961$w(OCoLC)33656643
=880  \0$6830-06$a文庫クセジュ ;$v313.
=859  \\$aORR$bJapanKnowledge
=CAT  \\$aW1704-1242$b00$c20170509$lBLL01$h0927
=CAT  \\$aBATCH-UPD$b00$c20170509$lBLL01$h0933
=CAT  \\$aW2003-0365$c20200305$lBLL01$h1101
=FIN  \\$aY$d20170509
=SID  \\$aZ30$bOCLC
=SRC  \\$aJapanKnowledge_2017$bJK_OCLC20170203.mrc
=LAS  \\$aW2003-0365$b00$c20200305$lBLL01$h1101

