=LDR  02018 am a22005534i 4500
=001  018338048
=003  Uk
=005  20170106042948.0
=006  m\\\\\o\\d\\\\\\\\
=007  cr\|||||||||||
=008  151112s1990\\\\ja\\\\\\ob\\\\000\0\jpn\d
=FMT  \\$a  BK
=020  \\$z4560057109
=020  \\$z9784560057100
=035  \\$a(OCoLC)928950291
=040  \\$aYUS$beng$cYUS$dOCLCO$dYUS$dOCLCO$dUk$erda$epn
=041  1\$ajpn$hfre
=050  \4$aBF95$b.R48 1990
=100  1\$aReuchlin, Maurice,$eauthor.
=240  10$aHistoire de la psychologie.$lJapanese
=245  00$6880-01$aShinrigaku no rekishi /$cMōrisu Reshuran ; Toyoda Saburō yaku.
=264  \1$6880-02$aTōkyō :$bHakusuisha,$c1990.
=300  \\$a1 online resource.
=336  \\$atext$btxt$2rdacontent
=337  \\$acomputer$bc$2rdamedia
=338  \\$aonline resource$bcr$2rdacarrier
=490  1\$6880-03$aBunko kuseju ;$v710
=504  \\$aIncludes bibliographical references.
=588  \\$aDescription based on print version.
=650  \0$aPsychology$xHistory.
=650  \7$aPsychology.$2fast$0(OCoLC)fst01081447
=655  \7$aHistory.$2fast$0(OCoLC)fst01411628
=700  1\$aToyoda, Saburō,$d1907-1959.
=773  0\$tJapanKnowledge
=776  08$iPrint version:$tShinrigaku no rekishi
=830  \0$6880-05$aBunko kuseju$v710.
=856  40$3JapanKnowledge$uhttp://japanknowledge.com/lib/display/?lid=8021007100000$yJapanKnowledge Lib
=880  00$6245-01$a心理学の歴史 /$cモーリス・ルシュラン ; 豊田三郎訳.
=880  \1$6264-02$a東京 :$b白水社,$c1990.
=880  1\$6490-03$a文庫クセジュ ;$v710
=880  \0$6830-05$a文庫クセジュ ;$v710.
=859  \\$aORR$bJapanKnowledge
=CAT  \\$aW1704-1242$b00$c20170509$lBLL01$h0927
=CAT  \\$aBATCH-UPD$b00$c20170509$lBLL01$h0933
=CAT  \\$aW2003-0365$c20200305$lBLL01$h1101
=FIN  \\$aY$d20170509
=SID  \\$aZ30$bOCLC
=SRC  \\$aJapanKnowledge_2017$bJK_OCLC20170203.mrc
=LAS  \\$aW2003-0365$b00$c20200305$lBLL01$h1101

