=LDR  02654 am a22006617a 4500
=001  018338049
=003  Uk
=005  20170106042948.0
=006  m\\\\\o\\d\\\\\\\\
=007  cr\|||||||||||
=008  100310s1976\\\\ja\af\\\ob\\\\000\0\jpn\d
=FMT  \\$a  BK
=035  \\$a(OCoLC)550575924
=040  \\$aOCLCE$beng$cOCLCE$dOCLCQ$dCUS$dOCLCQ$dOCLCF$dYUS$dOCLCO$dYUS$dOCLCO$dOCLCQ$dYUS$dOCLCO$dUk$epn
=042  \\$adlr
=043  \\$aa-cc---$aa-cc-pe
=050  \4$aGR335$b.C5316
=084  \\$a388.2211$2njb/9
=100  1\$6880-01$aJin, Shoushen.
=240  10$6880-02$aBeijing di chuan shuo.$lJapanese
=245  10$6880-03$aPekin no densetsu /$cKin Jushin ; Muramatsu Kazuya yaku.
=250  \\$6880-04$aShohan.
=260  \\$6880-05$aTōkyō :$bHeibonsha,$cShōwa 51 [1976]
=300  \\$a1 online resource (313 pages, [1] leaf of plates) :$billustrations.
=336  \\$atext$btxt$2rdacontent
=337  \\$acomputer$bc$2rdamedia
=338  \\$aonline resource$bcr$2rdacarrier
=490  1\$6880-06$aChūgoku no kōshō bungei ;$v4
=490  1\$6880-07$aTōyō bunko ;$v287
=504  \\$aIncludes bibliographical references (pages 307-312).
=588  0\$aPrint version record.
=650  \0$aFolklore$zChina$zBeijing.
=650  \7$aFolklore.$2fast$0(OCoLC)fst00930306
=650  07$6880-08$aDensetsu-Pekin.$2jlabsh/4
=651  \7$aChina$zBeijing.$2fast$0(OCoLC)fst01205740
=773  0\$tJapanKnowledge
=776  08$iPrint version:$aChin, Shou-shen.$sBeijing di chuan shuo. Japanese.$tPekin no densetsu.$dTōkyō : Heibonsha, Shōwa 51 [1976]
=830  \0$6880-09$aChūgoku no kōshō bungei ;$v4.
=830  \0$6880-10$aTōyō bunko$v287.
=856  40$3JapanKnowledge$uhttp://japanknowledge.com/lib/display/?lid=80010V0287P0002$yJapanKnowledge Lib
=880  1\$6100-01/{dollar}1$a金受申.
=880  10$6240-02/{dollar}1$a北京的傳說.$lJapanese
=880  10$6245-03/{dollar}1$a北京の伝說 /$c金受申 ; 村松一弥訳.
=880  \\$6250-04/{dollar}1$a初版.
=880  \\$6260-05/{dollar}1$a東京 :$b平凡社,$c昭和51 [1976]
=880  1\$6490-06/{dollar}1$a中国の口承文芸 ;$v4
=880  1\$6490-07/{dollar}1$a東洋文庫 ;$v287
=880  07$6650-08/{dollar}1$a伝說-北京.$2jlabsh/4
=880  \0$6830-09/{dollar}1$a中国の口承文芸 ;$v4.
=880  \0$6830-10/{dollar}1$a東洋文庫 ;$v287.
=859  \\$aORR$bJapanKnowledge
=CAT  \\$aW1704-1242$b00$c20170509$lBLL01$h0927
=CAT  \\$aBATCH-UPD$b00$c20170509$lBLL01$h0933
=CAT  \\$aW2003-0365$c20200305$lBLL01$h1101
=FIN  \\$aY$d20170509
=SID  \\$aZ30$bOCLC
=SRC  \\$aJapanKnowledge_2017$bJK_OCLC20170203.mrc
=LAS  \\$aW2003-0365$b00$c20200305$lBLL01$h1101

