=LDR  02673 am a22006254i 4500
=001  018338050
=003  Uk
=005  20170106042948.0
=006  m\\\\\o\\d\\\\\\\\
=007  cr\|||||||||||
=008  151113s1966\\\\ja\\\\\\ob\\\\000\0\jpn\d
=FMT  \\$a  BK
=020  \\$z4560053960
=020  \\$z9784560053966
=035  \\$a(OCoLC)929028956
=040  \\$aSTF$beng$cYUS$dOCLCO$dYUS$dOCLCO$dOCLCF$dOCLCO$dUk$erda$epn
=041  1\$ajpn$hfre
=050  \4$aHQ12$b.M6163 1966
=100  1\$aMorali-Daninos, André,$d1909-$eauthor.
=240  10$aHistoire des relations sexuelles.$lJapanese
=245  10$6880-01$aSei kankei no rekishi /$cAndore Morarīdaninosu cho ; Shinozawa Hideo yaku.
=264  \1$6880-02$aTōkyō :$bHakusuisha,$c1966.
=300  \\$a1 online resource (141, 3 pages).
=336  \\$atext$btxt$2rdacontent
=337  \\$acomputer$bc$2rdamedia
=338  \\$aonline resource$bcr$2rdacarrier
=490  1\$6880-03$aBunko kuseju ;$v396
=500  \\$aTranslation of: Histoire des relations sexuelles.
=504  \\$aIncludes bibliographical references.
=588  \\$aDescription based on print version record.
=650  \0$aSex customs$xHistory.
=650  \7$aSex customs.$2fast$0(OCoLC)fst01114306
=655  \7$aHistory.$2fast$0(OCoLC)fst01411628
=700  1\$aShinozawa, Hideo,$d1933-2017.
=773  0\$tJapanKnowledge
=776  08$6880-05$iPrint version:$aMorali-Daninos, André, 1909-$sHistoire des relations sexuelles. Japanese.$tSeikankei no rekishi.$dTōkyō : Hakusuisha, 1966
=830  \0$6880-06$aBunko kuseju$v396.
=856  40$3JapanKnowledge$uhttp://japanknowledge.com/lib/display/?lid=8021003960000$yJapanKnowledge Lib
=880  10$6245-01$a性関係の歴史 /$cアンドレ・モラリーダニノス著 ; 篠沢秀夫訳.
=880  \1$6264-02$a東京 :$b白水社,$c1966.
=880  1\$6490-03$a文庫クセジュ ;$v396
=880  1\$6700-04$a篠沢秀夫,$d1933-$etranslator.
=880  08$6776-05$iPrint version:$aMorali-Daninos, André, 1909-$sHistoire des relations sexuelles. Japanese.$t性関係の歴史.$d東京 : 白水社, 1966$w(OCoLC)33645336
=880  \0$6830-06$a文庫クセジュ ;$v396.
=859  \\$aORR$bJapanKnowledge
=CAT  \\$aW1704-1242$b00$c20170509$lBLL01$h0927
=CAT  \\$aBATCH-UPD$b00$c20170509$lBLL01$h0933
=CAT  \\$aBATCH-UPD$b00$c20170509$lBLL01$h0939
=CAT  \\$a14633$b40$c20171128$lBLL01$h1527
=CAT  \\$aBATCH-UPD$b40$c20171128$lBLL01$h1528
=CAT  \\$aW2003-0365$c20200305$lBLL01$h1101
=FIN  \\$aY$d20170509
=SID  \\$aZ30$bOCLC
=SRC  \\$aJapanKnowledge_2017$bJK_OCLC20170203.mrc
=LAS  \\$aW2003-0365$b00$c20200305$lBLL01$h1101

