=LDR  03269 am a22007937a 4500
=001  018338051
=003  Uk
=005  20170106042949.0
=006  m\\\\\o\\d\\\\\\\\
=007  cr\|||||||||||
=008  111007s2001\\\\ja\a\\\\ob\\\\000\0ajpn\d
=FMT  \\$a  BK
=020  \\$z4582806953
=020  \\$z9784582806953
=035  \\$a(OCoLC)756233964
=040  \\$aOCLCE$beng$cOCLCE$dCUS$dOCLCQ$dOCLCF$dOCL$dYUS$dOCLCO$dYUS$dOCLCO$dOCL$dOCLCQ$dYUS$dOCLCO$dUk$epn
=042  \\$adlr
=043  \\$aa-ja---
=050  \4$aHF3824.6.E56$bA3 2001
=084  \\$a289.1$2njb/9
=100  1\$6880-01$aEnomoto, Yazaemon,$d1625-1686
=245  10$6880-02$aEnomoto Yazaemon oboegaki :$bkinsei shoki shōnin no kiroku /$cEnomoto Yazaemon cho ; Ōno Mizuo kōchū.
=250  \\$6880-03$aShohan.
=260  \\$6880-04$aTōkyō :$bHeibonsha,$c2001.
=300  \\$a1 online resource (377 pages) :$billustrations.
=336  \\$atext$btxt$2rdacontent
=337  \\$acomputer$bc$2rdamedia
=338  \\$aonline resource$bcr$2rdacarrier
=490  1\$6880-05$aTōyō bunko ;$v695
=504  \\$aIncludes bibliographical references (pages 374-475).
=505  0\$aMitsugo yori no oboe -- Yorozu no oboe.
=588  0\$aPrint version record.
=600  10$6880-06$aEnomoto, Yazaemon,$d1625-1686
=600  17$aEnomoto, Yazaemon,$d1625-1686$2fast$0(OCoLC)fst00490465
=648  \7$a1600-1699$2fast
=650  \0$aMerchants$zJapan$zKawagoe-shi$vBiography.
=650  \7$aMerchants.$2fast$0(OCoLC)fst01017057
=651  \0$6880-07$aKawagoe-shi (Japan)$xHistory$y17th century.
=651  \7$aJapan$zKawagoe-shi.$2fast$0(OCoLC)fst01207876
=655  \7$aBiography.$2fast$0(OCoLC)fst01423686
=655  \7$aHistory$2fast$0(OCoLC)fst01411628
=700  1\$6880-08$aŌno, Mizuo,$d1931-
=740  02$6880-09$aMitsugo yori no oboe.
=740  02$6880-10$aYorozu no oboe.
=773  0\$tJapanKnowledge
=776  08$iPrint version:$aEnomoto, Yazaemon, 1625-1686.$tEnomoto Yazaemon oboegaki.$bShohan.$dTōkyō : Heibonsha, 2001$z4582806953
=830  \0$6880-11$aTōyō bunko$v695.
=856  40$3JapanKnowledge$uhttp://japanknowledge.com/lib/display/?lid=80010V0695P0002$yJapanKnowledge Lib
=880  1\$6100-01/{dollar}1$a榎本弥左衛門,$d1625-1686.
=880  10$6245-02/{dollar}1$a榎本弥左衛門覚書 :$b近世初期商人の記錄 /$c榎本弥左衛門著 ; 大野瑞男校注.
=880  \\$6250-03/{dollar}1$a初版.
=880  \\$6260-04/{dollar}1$a東京 :$b平凡社,$c2001.
=880  1\$6490-05/{dollar}1$a東洋文庫 ;$v695
=880  14$6600-06/{dollar}1$a榎本弥左衛門,$d1625-1686.
=880  \4$6651-07/{dollar}1$a川越市 (Japan)$xHistory$y17th century.
=880  1\$6700-08/{dollar}1$a大野瑞男,$d1931-
=880  02$6740-09/{dollar}1$a三子より之覚.
=880  02$6740-10/{dollar}1$a万之覚.
=880  \0$6830-11/{dollar}1$a東洋文庫 ;$v695.
=859  \\$aORR$bJapanKnowledge
=CAT  \\$aW1704-1242$b00$c20170509$lBLL01$h0927
=CAT  \\$aBATCH-UPD$b00$c20170509$lBLL01$h0933
=CAT  \\$aBATCH-UPD$b00$c20170509$lBLL01$h0939
=CAT  \\$aW2003-0365$c20200305$lBLL01$h1101
=CAT  \\$aBATCH-UPD$b00$c20210825$lBLL01$h1745
=FIN  \\$aY$d20170509
=SID  \\$aZ30$bOCLC
=SRC  \\$aJapanKnowledge_2017$bJK_OCLC20170203.mrc
=LAS  \\$aBATCH-UPD$b00$c20210825$lBLL01$h1745

