=LDR  02301 am a22006257a 4500
=001  018338052
=003  Uk
=005  20170106042949.0
=006  m\\\\\o\\d\\\\\\\\
=007  cr\|||||||||||
=008  101112m19899999ja\\\\\\o\\\\\000\0\jpn\d
=FMT  \\$a  BK
=019  \\$a648639250
=020  \\$z458280506X
=020  \\$z9784582805062
=035  \\$a(OCoLC)681082413$z(OCoLC)648639250
=040  \\$aOCLCE$beng$cOCLCE$dOCLCQ$dCUS$dOCLCQ$dOCLCF$dOCLCQ$dYUS$dOCLCO$dYUS$dOCLCO$dOCL$dOCLCQ$dYUS$dOCLCO$dUk$epn
=042  \\$adlr
=043  \\$aa-cc---
=050  \4$aDS748.17$b.O41 1989
=100  1\$6880-01$aOkazaki, Fumio,$d1888-
=245  10$6880-02$aGi Shin Nanbokuchō tsūshi /$cOkazaki Fumio.
=250  \\$6880-03$aShohan.
=260  \\$6880-04$aTōkyō :$bHeibonsha,$c1989-
=300  \\$a1 online resource (volumes).
=336  \\$atext$btxt$2rdacontent
=337  \\$acomputer$bc$2rdamedia
=338  \\$aonline resource$bcr$2rdacarrier
=490  1\$6880-05$aTōyō bunko ;$v506-
=505  1\$6880-06$a[1] Naihen.
=588  0\$aPrint version record.
=648  \7$a220-589$2fast
=651  \0$aChina$xHistory$y220-589.
=651  \7$aChina.$2fast$0(OCoLC)fst01206073
=655  \7$aHistory.$2fast$0(OCoLC)fst01411628
=773  0\$tJapanKnowledge
=776  08$iPrint version:$aOkazaki, Fumio, 1888-$tGi Shin Nanbokuchō tsūshi.$bShohan.$dTōkyō : Heibonsha, 1989-
=830  \0$6880-07$aTōyō bunko$v506, etc.
=856  40$3JapanKnowledge$uhttp://japanknowledge.com/lib/display/?lid=80010V0506P0002$yJapanKnowledge Lib
=880  1\$6100-01/{dollar}1$a岡崎文夫,$d1888-
=880  10$6245-02/{dollar}1$a魏晋南北朝通史 /$c岡崎文夫.
=880  \\$6250-03/{dollar}1$a初版.
=880  \\$6260-04/{dollar}1$a東京 :$b平凡社,$c1989-
=880  1\$6490-05/{dollar}1$a東洋文庫 ;$v506-
=880  1\$6505-06/{dollar}1$a[1]. 内編.
=880  \0$6830-07/{dollar}1$a東洋文庫 ;$v506, etc.
=859  \\$aORR$bJapanKnowledge
=CAT  \\$aW1704-1242$b00$c20170509$lBLL01$h0927
=CAT  \\$aBATCH-UPD$b00$c20170509$lBLL01$h0933
=CAT  \\$aBATCH-UPD$b00$c20170509$lBLL01$h0939
=CAT  \\$aW2003-0365$c20200305$lBLL01$h1101
=FIN  \\$aY$d20170509
=SID  \\$aZ30$bOCLC
=SRC  \\$aJapanKnowledge_2017$bJK_OCLC20170203.mrc
=LAS  \\$aW2003-0365$b00$c20200305$lBLL01$h1101

