=LDR  02193 am a22005654i 4500
=001  018338053
=003  Uk
=005  20170106042949.0
=006  m\\\\\o\\d\\\\\\\\
=007  cr\|||||||||||
=008  151112s2008\\\\ja\\\\\\od\\\\000\0\jpn\d
=FMT  \\$a  BK
=020  \\$z4767434629
=020  \\$z9784767434629
=035  \\$a(OCoLC)928950674
=040  \\$aYUS$beng$cYUS$dOCLCO$dYUS$dOCLCO$dOCLCQ$dUk$erda$epn
=041  0\$ajpn$aeng
=050  \4$aR121$b.K46 2008
=245  00$6880-01$aKenkyūsha igaku Ei-Wa jiten =$bKenkyusha's English-Japanese dictionary of medical science /$cHenshū daihyō Ishida Nakao.
=246  31$aKenkyusha's English-Japanese dictionary of medical science
=264  \1$6880-02$aTōkyō :$bKenkyūsha,$c2008.
=300  \\$a1 online resource
=336  \\$atext$btxt$2rdacontent
=337  \\$acomputer$bc$2rdamedia
=338  \\$aonline resource$bcr$2rdacarrier
=546  \\$aJapanese and English.
=588  0\$aPrint version.
=650  \0$aEnglish language$vDictionaries$xJapanese.
=650  \0$aMedicine$vDictionaries$xJapanese.
=650  \7$aEnglish language.$2fast$0(OCoLC)fst00910920
=650  \7$aMedicine.$2fast$0(OCoLC)fst01014893
=650  12$aMedicine.
=655  \2$aDictionary.
=655  \7$aDictionaries.$2fast$0(OCoLC)fst01423826
=700  1\$6880-03$aIshida, Nakao,$d1946-
=773  0\$tJapanKnowledge
=776  08$iPrint version:$tKenkyūsha igaku Ei-Wa jiten.
=856  40$3JapanKnowledge$uhttp://japanknowledge.com/lib/search/basic/?cids=40110$yJapanKnowledge Lib
=880  00$6245-01/{dollar}1$a研究社医学英和辞典 =$bKenkyusha's English-Japanese dictionary of medical science /$c編集代表石田名香雄.
=880  \1$6264-02/{dollar}1$a東京 :$b研究社,$c2008.
=880  1\$6700-03/{dollar}1$a石田名香雄,$d1946-
=859  \\$aORR$bJapanKnowledge
=CAT  \\$aW1704-1242$b00$c20170509$lBLL01$h0927
=CAT  \\$aBATCH-UPD$b00$c20170509$lBLL01$h0933
=CAT  \\$aBATCH-UPD$b00$c20170509$lBLL01$h0939
=CAT  \\$aW2003-0365$c20200305$lBLL01$h1101
=FIN  \\$aY$d20170509
=SID  \\$aZ30$bOCLC
=SRC  \\$aJapanKnowledge_2017$bJK_OCLC20170203.mrc
=LAS  \\$aW2003-0365$b00$c20200305$lBLL01$h1101

