=LDR  02157 am a22005774i 4500
=001  018338054
=003  Uk
=005  20170106042950.0
=006  m\\\\\o\\d\\\\\\\\
=007  cr\|||||||||||
=008  151113s1995\\\\ja\\\\\\o\\\\\000\0\jpn\d
=FMT  \\$a  BK
=020  \\$z4560057648
=020  \\$z9784560057643
=035  \\$a(OCoLC)929030637
=040  \\$aYUS$beng$cYUS$dYUS$dOCLCO$dOCLCF$dUk$erda$epn
=041  1\$ajpn$hfre
=245  00$6880-01$aNinchi shinkei shinrigaku /$cGuzavie Suron cho ; Suga Tetsuo, Hisano Masaki yaku.
=264  \1$6880-02$aTōkyō :$bHakusuisha,$c1995.
=300  \\$a1 online resource.
=336  \\$atext$btxt$2rdacontent
=337  \\$acomputer$bc$2rdamedia
=338  \\$aonline resource$bcr$2rdacarrier
=490  1\$6880-03$aBunko kuseju ;$v764
=588  \\$aDescription based on print version.
=650  \0$aCognitive neuroscience.
=650  \0$aNeuropsychology.
=650  \7$aCognitive neuroscience.$2fast$0(OCoLC)fst00866540
=650  \7$aNeuropsychology.$2fast$0(OCoLC)fst01036493
=700  1\$6880-04$aSuga, Tetsuo,$d1940-
=700  1\$6880-05$aHisano, Masaki,$d1964-
=700  1\$aSeron, Xavier.
=730  0\$aNeuropsychologie cognitive.
=773  0\$tJapanKnowledge
=776  08$iPrint version:$tNinchi shinkei shinrigaku.
=830  \0$6880-06$aBunko kuseju$v764.
=856  40$3JapanKnowledge$uhttp://japanknowledge.com/lib/display/?lid=8021007640000$yJapanKnowledge Lib
=880  00$6245-01/{dollar}1$a認知神経心理学 /$cグザヴィエ・スロン著 ; 須賀哲夫, 久野雅樹訳.
=880  \1$6264-02/{dollar}1$a東京 :$b白水社,$c1995.
=880  1\$6490-03/{dollar}1$a文庫クセジュ ;$v764
=880  1\$6700-04/{dollar}1$a須賀哲夫,$d1940-
=880  1\$6700-05/{dollar}1$a久野雅樹,$d1964-
=880  \0$6830-06/{dollar}1$a文庫クセジュ ;$v764.
=859  \\$aORR$bJapanKnowledge
=CAT  \\$aW1704-1242$b00$c20170509$lBLL01$h0927
=CAT  \\$aBATCH-UPD$b00$c20170509$lBLL01$h0933
=CAT  \\$aW2003-0365$c20200305$lBLL01$h1101
=FIN  \\$aY$d20170509
=SID  \\$aZ30$bOCLC
=SRC  \\$aJapanKnowledge_2017$bJK_OCLC20170203.mrc
=LAS  \\$aW2003-0365$b00$c20200305$lBLL01$h1101

