=LDR  02179 am a22005654i 4500
=001  018338056
=003  Uk
=005  20170106042950.0
=006  m\\\\\o\\d\\\\\\\\
=007  cr\|||||||||||
=008  151113s1969\\\\ja\\\\\\ob\\\\000\0\jpn\d
=FMT  \\$a  BK
=020  \\$z4560054460
=020  \\$z9784560054468
=035  \\$a(OCoLC)929029091
=040  \\$aWTU$beng$cYUS$dOCLCO$dYUS$dOCLCO$dOCLCF$dUk$erda$epn
=041  1\$ajpn$hfre
=100  1\$aDelvert, Jean,$eauthor.
=240  10$aGéographie de l'Asie du Sud-Est.$lJapanese
=245  10$6880-01$aTōnan Ajia no chiri /$cJan Deruvēru cho ; Kikuchi Kazumasa yaku.
=264  \1$6880-02$aTōkyō :$bHakusuisha,$c1969.
=300  \\$a1 online resource.
=336  \\$atext$btxt$2rdacontent
=337  \\$acomputer$bc$2rdamedia
=338  \\$aonline resource$bcr$2rdacarrier
=490  1\$6880-03$aBunko kuseju ;$v446
=504  \\$aIncludes bibliographical references.
=588  \\$aDescription based on print version.
=650  \7$aGeography.$2fast$0(OCoLC)fst00940469
=651  \0$aSoutheast Asia$xGeography.
=651  \7$aSoutheast Asia.$2fast$0(OCoLC)fst01240499
=700  1\$6880-04,$aKikuchi, Kazumasa,$d1927-$etranslator.
=700  1\$iTranslation of:$aDelvert, Jean.$tGéographie de l'Asie du Sud-Est.
=773  0\$tJapanKnowledge
=776  08$iPrint version:$tTōnan ajia no chiri
=830  \0$6880-05$aBunko kuseju$v446.
=856  40$3JapanKnowledge$uhttp://japanknowledge.com/lib/display/?lid=8021004460000$yJapanKnowledge Lib
=880  10$6245-01$a東南アジアの地理 /$cジャン・デルヴェール著 ; 菊池一雅訳.
=880  \1$6264-02$a東京 :$b白水社,$c1969.
=880  1\$6490-03$a文庫クセジュ ;$v446
=880  1\$6700-04$a菊池一雅,$d1927-$etranslator.
=880  \0$6830-05$a文庫クセジュ ;$v446.
=859  \\$aORR$bJapanKnowledge
=CAT  \\$aW1704-1242$b00$c20170509$lBLL01$h0927
=CAT  \\$aBATCH-UPD$b00$c20170509$lBLL01$h0933
=CAT  \\$aW2003-0365$c20200305$lBLL01$h1101
=FIN  \\$aY$d20170509
=SID  \\$aZ30$bOCLC
=SRC  \\$aJapanKnowledge_2017$bJK_OCLC20170203.mrc
=LAS  \\$aW2003-0365$b00$c20200305$lBLL01$h1101

