=LDR  01803 am a22004694i 4500
=001  018338057
=003  Uk
=005  20170106042951.0
=008  151117s2002\\\\ja\\\\\\oe\\\\000\0\eng\\
=FMT  \\$a  BK
=035  \\$a(OCoLC)929672682
=040  \\$aYUS$beng$cYUS$dYUS$dOCLCO$dOCLCF$dUk$erda
=041  0\$aeng$ajpn
=043  \\$aa-ja---
=050  00$aDS805$b.J263 1993b
=245  00$6880-01$aEncyclopedia of Japan /$cE.O.Raishawā Hakase kanshū.
=264  \1$6880-02$aTōkyō :$bNetAdvance Inc.,$c2002.
=300  \\$a1 online resource
=336  \\$atext$btxt$2rdacontent
=337  \\$acomputer$bc$2rdamedia
=338  \\$aonline resource$bcr$2rdacarrier
=546  \\$aEntry terms also in Japanese.
=588  \\$aDescription based on online resource; title from search contents (viewed November 17, 2015).
=651  \0$aJapan$vEncyclopedias.
=651  \7$aJapan.$2fast$0(OCoLC)fst01204082
=655  \7$aEncyclopedias.$2fast$0(OCoLC)fst01423798
=700  1\$aReischauer, Edwin O.$q(Edwin Oldfather),$d1910-1990.
=710  2\$6880-03$aKōdansha.
=773  0\$tJapanKnowledge
=776  08$iPrint version:$tJapan.$b1st ed.$dTōkyō : Kodansha, 1993$z406205938X
=856  40$3JapanKnowledge$uhttp://japanknowledge.com/lib/search/eoj/$yJapanKnowledge Lib
=880  00$6245-01/{dollar}1$aEncyclopedia of Japan /$cE.O.ライシャワー博士監修.
=880  \1$6264-02/{dollar}1$a東京 :$bNetAdvance Inc.,$c2002.
=880  2\$6710-03/{dollar}1$a講談社.
=859  \\$aORR$bJapanKnowledge
=CAT  \\$aW1704-1242$b00$c20170509$lBLL01$h0927
=CAT  \\$aBATCH-UPD$b00$c20170509$lBLL01$h0933
=CAT  \\$aW2003-0365$c20200305$lBLL01$h1101
=FIN  \\$aY$d20170509
=SID  \\$aZ30$bOCLC
=SRC  \\$aJapanKnowledge_2017$bJK_OCLC20170203.mrc
=LAS  \\$aW2003-0365$b00$c20200305$lBLL01$h1101

