=LDR  03141cam a22006737a 4500
=001  018338058
=003  Uk
=005  20211123102926.0
=006  m\\\\\o\\d\\\\\\\\
=007  cr\|||||||||||
=008  100315m19681979ja\a\\\\ob\\\\001\0\jpn\d
=FMT  \\$a  BK
=019  \\$a297377835
=035  \\$a(OCoLC)556066639$z(OCoLC)297377835
=040  \\$aOCLCE$beng$cOCLCE$dOCLCQ$dCUS$dOCLCQ$dOCLCF$dYUS$dOCLCO$dYUS$dOCLCO$dOCLCQ$dOCLCO$dYUS$dOCLCO$dUk$epn
=041  1\$ajpn$hfre
=042  \\$adlr
=043  \\$aa-mp---$aa------
=050  \4$aDS19$b.O516
=100  1\$aOhsson, Constantin d',$cbaron,$d1779-1851.
=240  10$aHistoire des Mongols.$lJapanese
=245  10$6880-01$aMongoru Teikoku shi /$cDōson cho, Saguchi Tōru yakuchū.
=250  \\$6880-02$aShohan.
=260  \\$6880-03$aTōkyō :$bHeibonsha,$cShōwa 43-54 [1968-1979]
=300  \\$a1 online resource (6 volumes) :$billustrations.
=336  \\$atext$btxt$2rdacontent
=337  \\$acomputer$bc$2rdamedia
=338  \\$aonline resource$bcr$2rdacarrier
=490  1\$6880-04$aTōyō bunko ;$v110, 128, 189, 235, 298, 365
=504  \\$aIncludes bibliographical references and indexes.
=588  0\$aPrint version record.
=650  \0$aMongols$xHistory.
=650  \7$aMongols.$2fast$0(OCoLC)fst01025421
=651  \0$aAsia$xHistory.
=651  \7$aAsia.$2fast$0(OCoLC)fst01240495
=655  \7$aHistory.$2fast$0(OCoLC)fst01411628
=773  0\$tJapanKnowledge
=776  08$iPrint version:$aOhsson, Constantin d', baron, 1779-1851.$sHistoire des Mongols. Japanese.$tMongoru Teikoku shi.$dTōkyō : Heibonsha, Shōwa 43-54 [1968-1979]
=830  \0$6880-05$aTōyō bunko$v110, 128, 189, 235, 298, 365.
=856  40$3JapanKnowledge Volume 1$uhttp://japanknowledge.com/lib/display/?lid=80010V0110P0002$yJapanKnowledge Lib
=856  40$3JapanKnowledge Volume 2$uhttp://japanknowledge.com/lib/display/?lid=80010V0128P0002$yJapanKnowledge Lib
=856  40$3JapanKnowledge Volume 3$uhttp://japanknowledge.com/lib/display/?lid=80010V0189P0002$yJapanKnowledge Lib
=856  40$3JapanKnowledge Volume 4$uhttp://japanknowledge.com/lib/display/?lid=80010V0235P0002$yJapanKnowledge Lib
=856  40$3JapanKnowledge Volume 5$uhttp://japanknowledge.com/lib/display/?lid=80010V0298P0002$yJapanKnowledge Lib
=856  40$3JapanKnowledge Volume 6$uhttp://japanknowledge.com/lib/display/?lid=80010V0365P0002$yJapanKnowledge Lib
=880  10$6245-01/{dollar}1$aモンゴル帝国史 /$cドーソン著, 佐口透訳注.
=880  \\$6250-02/{dollar}1$a初版.
=880  \\$6260-03/{dollar}1$a東京 :$b平凡社,$c昭和 43-54 [1968-1979]
=880  1\$6490-04/{dollar}1$a東洋文庫 ;$v110, 128, 189, 235, 298, 365
=880  \0$6830-05/{dollar}1$a東洋文庫 ;$v110, 128, 189, 235, 298, 365.
=859  \\$aORR$bJapanKnowledge
=CAT  \\$aW1704-1242$b00$c20170509$lBLL01$h0927
=CAT  \\$aBATCH-UPD$b00$c20170509$lBLL01$h0933
=CAT  \\$aW2003-0365$c20200305$lBLL01$h1101
=CAT  \\$a4039$b40$c20211123$lBLL01$h1029
=FIN  \\$aY$d20170509
=SID  \\$aZ30$bOCLC
=SRC  \\$aJapanKnowledge_2017$bJK_OCLC20170203.mrc
=LAS  \\$a4039$b40$c20211123$lBLL01$h1029

