=LDR  02413 am a22006137a 4500
=001  018338059
=003  Uk
=005  20170106042951.0
=006  m\\\\\o\\d\\\\\\\\
=007  cr\|||||||||||
=008  110213s1973\\\\ja\af\\\o\\\\\001\0\jpn\d
=FMT  \\$a  BK
=019  \\$a297395830$a645441678
=035  \\$a(OCoLC)701697488$z(OCoLC)297395830$z(OCoLC)645441678
=040  \\$aOCLCE$beng$cOCLCE$dOCLCO$dOCLCQ$dCUS$dOCLCF$dYUS$dOCLCO$dYUS$dOCLCO$dOCLCQ$dYUS$dOCLCO$dUk$epn
=042  \\$adlr
=050  \4$aPL773$b.T37 1973
=245  00$6880-01$aTeikin ōrai /$cIshikawa Matsutarō kōchū.
=250  \\$6880-02$aShohan.
=260  \\$6880-03$aTōkyō :$bHeibonsha,$cShōwa 48 [1973]
=300  \\$a1 online resource (vii, 362, 21 pages, [1] leaf of plates) :$billustrations.
=336  \\$atext$btxt$2rdacontent
=337  \\$acomputer$bc$2rdamedia
=338  \\$aonline resource$bcr$2rdacarrier
=490  1\$6880-04$aTōyō bunko ;$v242
=500  \\$aIncludes index.
=588  0\$aPrint version record.
=650  \0$aJapanese letters.
=650  \0$aLetter writing, Japanese$xTextbooks.
=650  \7$aJapanese letters.$2fast$0(OCoLC)fst00981798
=650  \7$aLetter writing, Japanese.$2fast$0(OCoLC)fst00996738
=653  \\$6880-05$aTeikin'ōrai.
=655  \7$aTextbooks.$2fast$0(OCoLC)fst01423863
=700  1\$6880-06$aIshikawa, Matsutarō,$d1926-2009
=773  0\$tJapanKnowledge
=776  08$iPrint version:$tTeikin ōrai.$bShohan.$dTōkyō : Heibonsha, Shōwa 48 [1973]
=830  \0$6880-07$aTōyō bunko$v242.
=856  40$3JapanKnowledge$uhttp://japanknowledge.com/lib/display/?lid=80010V0242P0003$yJapanKnowledge Lib
=880  00$6245-01/{dollar}1$a庭訓往来 /$c石川松太郎校注.
=880  \\$6250-02/{dollar}1$a初版.
=880  \\$6260-03/{dollar}1$a東京 :$b平凡社,$c昭和48 [1973]
=880  1\$6490-04/{dollar}1$a東洋文庫 ;$v242
=880  \\$6653-05/{dollar}1$a庭訓往来.
=880  1\$6700-06/{dollar}1$a石川松太郎,$d1926-
=880  \0$6830-07/{dollar}1$a東洋文庫 ;$v242.
=859  \\$aORR$bJapanKnowledge
=CAT  \\$aW1704-1242$b00$c20170509$lBLL01$h0927
=CAT  \\$aBATCH-UPD$b00$c20170509$lBLL01$h0933
=CAT  \\$aBATCH-UPD$b00$c20170509$lBLL01$h0939
=CAT  \\$aW2003-0365$c20200305$lBLL01$h1101
=FIN  \\$aY$d20170509
=SID  \\$aZ30$bOCLC
=SRC  \\$aJapanKnowledge_2017$bJK_OCLC20170203.mrc
=LAS  \\$aW2003-0365$b00$c20200305$lBLL01$h1101

