=LDR  02217 am a22005894i 4500
=001  018338060
=003  Uk
=005  20170106042952.0
=006  m\\\\\o\\d\\\\\\\\
=007  cr\|||||||||||
=008  151113s1993\\\\ja\\\\\gob\\\\000\0\jpn\d
=FMT  \\$a  BK
=020  \\$z4560057443
=020  \\$z9784560057445
=035  \\$a(OCoLC)929031314
=040  \\$aCNEAL$beng$cYUS$dOCLCO$dYUS$dOCLCO$dOCLCF$dUk$erda$epn
=041  1\$ajpn$hfre
=050  \4$aHM588$b.H47165 1993
=100  10$aHerman, Jacques,$eauthor.
=240  10$aLangages de la sociologie.$lJapanese
=245  00$6880-01$aShakaigaku no gengo /$cJakku Eruman cho ; Harayama Tetsu, Higuchi Yoshihiro kyōyaku.
=264  \1$6880-02$aTōkyō :$bHakusuisha,$c1993.
=300  \\$a1 online resource.
=336  \\$atext$btxt$2rdacontent
=337  \\$acomputer$bc$2rdamedia
=338  \\$aonline resource$bcr$2rdacarrier
=490  1\$6880-03$aBunko kuseju ;$v744
=500  \\$aTranslation of: Les langages de la sociologie.
=504  \\$aIncludes bibliographical references.
=588  \\$aDescription based on print version.
=650  \0$aSociology.
=650  \7$aSociology.$2fast$0(OCoLC)fst01123875
=700  1\$6880-04$aHarayama, Tetsu,$d1949-
=700  1\$6880-05$aHiguchi, Yoshihiro,$d1960-
=773  0\$tJapanKnowledge
=776  08$iPrint version:$tShakaigaku no gengo
=830  \0$6880-06$aBunko kuseju$v744.
=856  40$3JapanKnowledge$uhttp://japanknowledge.com/lib/display/?lid=8021007440000$yJapanKnowledge Lib
=880  00$6245-01/{dollar}1$a社会学の言語 /$cジャック・エルマン著 ; 原山哲,樋口義広共訳
=880  \1$6264-02/{dollar}1$a東京 :$b白水社,$c1993.
=880  1\$6490-03/{dollar}1$a文庫クセジュ ;$v744
=880  1\$6700-04/{dollar}1$a原山哲,$d1949-
=880  1\$6700-05/{dollar}1$a樋口義広,$d1960-
=880  \0$6830-06/{dollar}1$a文庫クセジュ ;$v744.
=859  \\$aORR$bJapanKnowledge
=CAT  \\$aW1704-1242$b00$c20170509$lBLL01$h0927
=CAT  \\$aBATCH-UPD$b00$c20170509$lBLL01$h0933
=CAT  \\$aW2003-0365$c20200305$lBLL01$h1101
=FIN  \\$aY$d20170509
=SID  \\$aZ30$bOCLC
=SRC  \\$aJapanKnowledge_2017$bJK_OCLC20170203.mrc
=LAS  \\$aW2003-0365$b00$c20200305$lBLL01$h1101

