=LDR  02083 am a22005774i 4500
=001  018338062
=003  Uk
=005  20170106042952.0
=006  m\\\\\o\\d\\\\\\\\
=007  cr\|||||||||||
=008  151113s1974\\\\ja\\\\\\ob\\\\000\0\jpn\d
=FMT  \\$a  BK
=020  \\$z4560052522
=020  \\$z9784560052525
=035  \\$a(OCoLC)929031099
=040  \\$aCNEAL$beng$cYUS$dOCLCO$dYUS$dOCLCO$dOCLCF$dUk$erda$epn
=041  1\$ajpn$hfre
=050  \4$aBL625$bS47167 1975
=100  1\$aSérouya, Henri,$d1895-1968,$eauthor.
=245  10$6880-01$aShinpi shugi /$cAnri Serūya cho ; Fukaya Akira yaku.
=264  \1$6880-02$aTōkyō :$bHakusuisha,$c1975.
=300  \\$a1 online resource.
=336  \\$atext$btxt$2rdacontent
=337  \\$acomputer$bc$2rdamedia
=338  \\$aonline resource$bcr$2rdacarrier
=490  1\$6880-03$aBunko kuseju ;$v252
=504  \\$aIncludes bibliographical references.
=588  \\$aDescription based on print version.
=650  \0$aMysticism.
=650  \7$aMysticism.$2fast$0(OCoLC)fst01031629
=700  1\$6880-04$aFukaya, Akira,$d1927-
=730  0\$aMysticisme.
=773  0\$tJapanKnowledge
=776  08$iPrint version:$tShinpi shugi
=830  \0$6880-05$aBunko kuseju$v252.
=856  40$3JapanKnowledge$uhttp://japanknowledge.com/lib/display/?lid=8021002520000$yJapanKnowledge Lib
=880  10$6245-01/{dollar}1$a神秘主義 /$cアンリ・セルーヤ著 ; 深谷哲訳.
=880  \1$6264-02/{dollar}1$a東京 :$b白水社,$c1975.
=880  1\$6490-03/{dollar}1$a文庫クセジュ ;$v252
=880  1\$6700-04/{dollar}1$a深谷哲,$d1927-
=880  \0$6830-05/{dollar}1$a文庫クセジュ ;$v252.
=859  \\$aORR$bJapanKnowledge
=CAT  \\$aW1704-1242$b00$c20170509$lBLL01$h0927
=CAT  \\$aBATCH-UPD$b00$c20170509$lBLL01$h0933
=CAT  \\$aBATCH-UPD$b00$c20170509$lBLL01$h0939
=CAT  \\$aBATCH-UPD$b00$c20191205$lBLL01$h2028
=CAT  \\$aW2003-0365$c20200305$lBLL01$h1101
=FIN  \\$aY$d20170509
=SID  \\$aZ30$bOCLC
=SRC  \\$aJapanKnowledge_2017$bJK_OCLC20170203.mrc
=LAS  \\$aW2003-0365$b00$c20200305$lBLL01$h1101

