=LDR  02583 am a22006377a 4500
=001  018338063
=003  Uk
=005  20170106042953.0
=006  m\\\\\o\\d\\\\\\\\
=007  cr\|||||||||||
=008  100630s1967\\\\ja\\\\\\ob\\\\000\0\jpn\d
=FMT  \\$a  BK
=019  \\$a300662442
=035  \\$a(OCoLC)645422070$z(OCoLC)300662442
=040  \\$aOCLCE$beng$cOCLCE$dOCLCA$dOCLCQ$dOCLCO$dOCLCA$dOCLCQ$dCUS$dOCLCQ$dOCLCF$dOCLCO$dYUS$dOCLCO$dYUS$dOCLCO$dOCLCQ$dYUS$dOCLCO$dUk$epn
=042  \\$adlr
=043  \\$aa-ja---
=050  \4$aBQ5775.J3K44 1967
=100  0\$6880-01$aKeikai,$dactive 8th century-9th century
=245  10$6880-02$aNihon ryōiki /$cHarada Toshiaki, Takahashi Mitsugu yaku.
=250  \\$6880-03$aShohan.
=260  \\$6880-04$aTōkyō :$bHeibonsha,$cShōwa 42 [1967]
=300  \\$a1 online resource (9, 253 pages) :$bfacsimile.
=336  \\$atext$btxt$2rdacontent
=337  \\$acomputer$bc$2rdamedia
=338  \\$aonline resource$bcr$2rdacarrier
=490  1\$6880-05$aTōyō bunko ;$v97
=504  \\$aIncludes bibliographical references (page 252).
=588  0\$aPrint version record.
=650  \0$aBuddhist legends$zJapan.
=650  \7$aBuddhist legends.$2fast$0(OCoLC)fst01727608
=651  \7$aJapan.$2fast$0(OCoLC)fst01204082
=700  1\$6880-06$aHarada, Toshiaki,$d1893-1983
=700  1\$6880-07$aTakahashi, Mitsugu,$d1932-
=773  0\$tJapanKnowledge
=776  08$iPrint version:$aKeikai, active 8th century-9th century.$tNihon ryōiki.$bShohan.$dTōkyō : Heibonsha, Shōwa 42 [1967]
=830  \0$6880-08$aTōyō bunko$v97.
=856  40$3JapanKnowledge$uhttp://japanknowledge.com/lib/display/?lid=80010V0097P0002$yJapanKnowledge Lib
=880  0\$6100-01/{dollar}1$a景戒,$dactive 8th century-9th century.
=880  10$6245-02/{dollar}1$a日本霊異記 /$c原田敏明, 高橋貢訳.
=880  \\$6250-03/{dollar}1$a初版.
=880  \\$6260-04/{dollar}1$a東京 :$b平凡社,$c昭和 42 [1967]
=880  16$6246-00/{dollar}1$a日本国現報善惡霊異記
=880  1\$6490-05/{dollar}1$a東洋文庫 ;$v97
=880  1\$6700-06/{dollar}1$a原田敏明,$d1893-
=880  1\$6700-07/{dollar}1$a高橋貢,$d1932-
=880  \0$6830-08/{dollar}1$a東洋文庫 ;$v97.
=859  \\$aORR$bJapanKnowledge
=CAT  \\$aW1704-1242$b00$c20170509$lBLL01$h0927
=CAT  \\$aBATCH-UPD$b00$c20170509$lBLL01$h0933
=CAT  \\$aBATCH-UPD$b00$c20170509$lBLL01$h0939
=CAT  \\$aW2003-0365$c20200305$lBLL01$h1101
=FIN  \\$aY$d20170509
=SID  \\$aZ30$bOCLC
=SRC  \\$aJapanKnowledge_2017$bJK_OCLC20170203.mrc
=LAS  \\$aW2003-0365$b00$c20200305$lBLL01$h1101

