=LDR  03026 am a22007337a 4500
=001  018338064
=003  Uk
=005  20170106042953.0
=006  m\\\\\o\\d\\\\\\\\
=007  cr\|||||||||||
=008  110527s1965\\\\ja\abc\\o\\\\\000\0\jpn\d
=FMT  \\$a  BK
=019  \\$a298006214$a643792386
=035  \\$a(OCoLC)727427326$z(OCoLC)298006214$z(OCoLC)643792386
=040  \\$aOCLCE$beng$cOCLCE$dOCLCQ$dOCLCO$dOCLCQ$dCUS$dOCLCF$dOCL$dOCLCA$dYUS$dOCLCO$dYUS$dOCLCO$dOCL$dOCLCQ$dYUS$dOCLCO$dUk$epn
=042  \\$adlr
=043  \\$aa-ja---
=050  \4$aDS871.7$b.K6 1965
=100  1\$6880-01$aKoga, Kin'ichirō,$d1816-1884
=245  10$6880-02$aBandan /$c[Koga Kin'ichirō cho] ; Muroga Nobuo, Yamori Kazuhiko hen'yaku.
=250  \\$6880-03$aShohan.
=260  \\$6880-04$aTōkyō :$bHeibonsha,$cShōwa 40 [1965]$g(1978 printing)
=300  \\$a1 online resource (3, 306 pages) :$billustrations, map, portrait.
=336  \\$atext$btxt$2rdacontent
=337  \\$acomputer$bc$2rdamedia
=338  \\$aonline resource$bcr$2rdacarrier
=490  1\$6880-05$aTōyō bunko ;$v39
=490  1\$6880-06$aHyōryū no kiroku ;$v1
=588  0\$aPrint version record.
=648  \7$a1600-1868$2fast
=650  \0$aCastaways$zJapan$vPersonal narratives.
=650  \7$aCastaways.$2fast$0(OCoLC)fst00848392
=650  \7$aDiplomatic relations.$2fast$0(OCoLC)fst01907412
=651  \0$aJapan$xForeign relations$y1600-1868.
=651  \7$aJapan.$2fast$0(OCoLC)fst01204082
=653  \\$6880-07$aHyōryūki.
=655  \7$aPersonal narratives.$2fast$0(OCoLC)fst01423843
=700  1\$6880-08$aMuroga, Nobuo,$d1907-1982
=700  1\$6880-09$aYamori, Kazuhiko,$d1927-
=773  0\$tJapanKnowledge
=776  08$iPrint version:$aKoga, Kin'ichirō, 1816-1884.$tBandan.$bShohan.$dTōkyō : Heibonsha, Shōwa 40 [1965]
=830  \0$6880-10$aTōyō bunko$v39.
=830  \0$6880-11$aHyōryū no kiroku ;$v1.
=856  40$3JapanKnowledge$uhttp://japanknowledge.com/lib/display/?lid=80010V0039P0002$yJapanKnowledge Lib
=880  1\$6100-01/{dollar}1$a古賀謹一郎,$d1816-1884.
=880  10$6245-02/{dollar}1$a蕃談 /$c[古賀謹一郎著] ; 室賀信夫, 矢守一彥編訳.
=880  \\$6250-03/{dollar}1$a初版.
=880  \\$6260-04/{dollar}1$a東京 :$b平凡社,$c昭和40 [1965]$g(1978 printing)
=880  1\$6490-05/{dollar}1$a東洋文庫 ;$v39
=880  1\$6490-06/{dollar}1$a漂流の記錄 ;$v1
=880  \\$6653-07/{dollar}1$a漂流記.
=880  1\$6700-08/{dollar}1$a室賀信夫,$d1907-1982.
=880  1\$6700-09/{dollar}1$a矢守一彥,$d1927-
=880  \0$6830-10/{dollar}1$a東洋文庫 ;$v39.
=880  \0$6830-11/{dollar}1$a漂流の記錄 ;$v1.
=859  \\$aORR$bJapanKnowledge
=CAT  \\$aW1704-1242$b00$c20170509$lBLL01$h0927
=CAT  \\$aBATCH-UPD$b00$c20170509$lBLL01$h0933
=CAT  \\$aBATCH-UPD$b00$c20170509$lBLL01$h0939
=CAT  \\$aW2003-0365$c20200305$lBLL01$h1101
=FIN  \\$aY$d20170509
=SID  \\$aZ30$bOCLC
=SRC  \\$aJapanKnowledge_2017$bJK_OCLC20170203.mrc
=LAS  \\$aW2003-0365$b00$c20200305$lBLL01$h1101

