=LDR  02235 am a22005894i 4500
=001  018338065
=003  Uk
=005  20170106042953.0
=006  m\\\\\o\\d\\\\\\\\
=007  cr\|||||||||||
=008  151113s1990\\\\ja\\\\\\o\\\\\000\0\jpn\d
=FMT  \\$a  BK
=020  \\$z4560057044
=020  \\$z9784560057049
=035  \\$a(OCoLC)929030641
=040  \\$aYUS$beng$cYUS$dYUS$dOCLCO$dUk$erda$epn
=041  1\$ajpn$hfre
=245  00$6880-01$aTomasu tetsugaku nyūmon /$cF. Fan Stenberugen cho ; Inagaki Ryōsuke, Yamauchi Kiyomi yaku.
=264  \1$6880-02$aTōkyō :$bHakusuisha,$c1990.
=300  \\$a1 online resource.
=336  \\$atext$btxt$2rdacontent
=337  \\$acomputer$bc$2rdamedia
=338  \\$aonline resource$bcr$2rdacarrier
=490  1\$6880-03$aBunko kuseju ;$v704
=588  \\$aDescription based on print version.
=600  00$aThomas,$cAquinas, Saint,$d1225?-1274.
=600  07$aThomas,$cAquinas, Saint,$d1225?-1274$2fast$0(OCoLC)fst00029176
=650  \0$aThomism.
=650  \0$aNeo-Scholasticism.
=700  1\$6880-04$aInagaki, Ryōsuke,$d1928-
=700  1\$6880-05$aYamauchi, Kiyomi,$d1935-
=700  1\$aSteenberghen, Fernand van,$d1904-1993.
=730  0\$aThomisme.
=773  0\$tJapanKnowledge
=776  08$iPrint version:$tTomasu tetsugaku nyūmon.
=830  \0$6880-06$aBunko kuseju$v704.
=856  40$3JapanKnowledge$uhttp://japanknowledge.com/lib/display/?lid=8021007040000$yJapanKnowledge Lib
=880  00$6245-01/{dollar}1$aトマス哲学入門 /$cF・ファン・ステンベルゲン著 ; 稲垣良典, 山內淸海訳.
=880  \1$6264-02/{dollar}1$a東京 :$b白水社,$c1990.
=880  1\$6490-03/{dollar}1$a文庫クセジュ ;$v704
=880  1\$6700-04/{dollar}1$a稲垣良典,$d1928-
=880  1\$6700-05/{dollar}1$a山內淸海,$d1935-
=880  \0$6830-06/{dollar}1$a文庫クセジュ ;$v704.
=859  \\$aORR$bJapanKnowledge
=CAT  \\$aW1704-1242$b00$c20170509$lBLL01$h0927
=CAT  \\$aBATCH-UPD$b00$c20170509$lBLL01$h0933
=CAT  \\$aBATCH-UPD$b00$c20170509$lBLL01$h0939
=CAT  \\$aW2003-0365$c20200305$lBLL01$h1101
=FIN  \\$aY$d20170509
=SID  \\$aZ30$bOCLC
=SRC  \\$aJapanKnowledge_2017$bJK_OCLC20170203.mrc
=LAS  \\$aW2003-0365$b00$c20200305$lBLL01$h1101

