=LDR  02410 am a22006374i 4500
=001  018338066
=003  Uk
=005  20170106042954.0
=006  m\\\\\o\\d\\\\\\\\
=007  cr\|||||||||||
=008  160115s2008\\\\ja\\\\\\ob\\\\000\0\jpn\d
=FMT  \\$a  BK
=020  \\$z4560509204
=020  \\$z9784560509203
=035  \\$a(OCoLC)934799015
=040  \\$aWTU$beng$cYUS$dOCLCO$dYUS$dOCLCO$dOCLCF$dOCL$dUk$erda$epn
=041  1\$ajpn$hfre
=100  1\$aBocquillon-Ferretti, Marina,$eauthor.
=240  10$aImpressionnisme.$lJapanese
=245  00$6880-01$aInshōha /$cMarina Feretti cho ; Mutō Takeshi yaku.
=250  \\$6880-02$aShinpan.
=264  \1$6880-03$aTōkyō :$bHakusuisha,$c2008.
=300  \\$a1 online resource.
=336  \\$atext$btxt$2rdacontent
=337  \\$acomputer$bc$2rdamedia
=338  \\$aonline resource$bcr$2rdacarrier
=490  1\$6880-04$aBunko kuseju ;$v920
=504  \\$aIncludes bibliographical references.
=588  \\$aDescription based on print version.
=648  \7$a1800-1899$2fast
=650  \0$aImpressionism (Art)
=650  \0$aPost-impressionism (Art)
=650  \0$aPainting, Modern$y19th century.
=650  \7$aImpressionism (Art)$2fast$0(OCoLC)fst00968249
=650  \7$aPainting, Modern.$2fast$0(OCoLC)fst01050988
=650  \7$aPost-impressionism (Art)$2fast$0(OCoLC)fst01072752
=700  1\$6880-05$aMutō, Takeshi,$d1948-$etranslator.
=700  1\$iTranslation of:$aBocquillon-Ferretti, Marina.$tL'impressionnisme.
=773  0\$tJapanKnowledge
=776  08$iPrint version:$tInshōha.
=830  \0$6880-06$aBunko kuseju$v920.
=856  40$3JapanKnowledge$uhttp://japanknowledge.com/lib/display/?lid=8021009200000$yJapanKnowledge Lib
=880  00$6245-01/{dollar}1$a印象派 /$cマリナ・フェレッティ著 ; 武藤剛史訳.
=880  \\$6250-02/{dollar}1$a新版.
=880  \1$6264-03/{dollar}1$a東京 :$b白水社,$c2008.
=880  1\$6490-04/{dollar}1$a文庫クセジュ ;$v920
=880  1\$6700-05/{dollar}1$a武藤剛史,$d1948-$etranslator.
=880  \0$6830-06/{dollar}1$a文庫クセジュ ;$v920.
=859  \\$aORR$bJapanKnowledge
=CAT  \\$aW1704-1242$b00$c20170509$lBLL01$h0927
=CAT  \\$aBATCH-UPD$b00$c20170509$lBLL01$h0933
=CAT  \\$aW2003-0365$c20200305$lBLL01$h1101
=FIN  \\$aY$d20170509
=SID  \\$aZ30$bOCLC
=SRC  \\$aJapanKnowledge_2017$bJK_OCLC20170203.mrc
=LAS  \\$aW2003-0365$b00$c20200305$lBLL01$h1101

