=LDR  02545 am a22006134i 4500
=001  018338067
=003  Uk
=005  20170106042954.0
=006  m\\\\\o\\d\\\\\\\\
=007  cr\|||||||||||
=008  151113s1992\\\\ja\\\\\\ob\\\\000\0\jpn\d
=FMT  \\$a  BK
=020  \\$z4560057346
=020  \\$z9784560057346
=035  \\$a(OCoLC)929028995
=040  \\$aSTF$beng$cYUS$dOCLCO$dYUS$dOCLCO$dOCLCF$dUk$erda$epn
=041  1\$ajpn$hfre
=050  \4$aBH221.F84$bH8163 1992
=100  1\$aHuisman, Denis,$eauthor.
=240  10$aEsthétique.$lJapanese
=245  10$6880-01$aBigaku /$cDoni Yuisuman cho ; Yoshioka Kenjirō ; Sasaya Sumio kyōyaku.
=264  \1$6880-02$aTōkyō :$bHakusuisha,$c1992.
=300  \\$a1 online resource (156, 3 pages).
=336  \\$atext$btxt$2rdacontent
=337  \\$acomputer$bc$2rdamedia
=338  \\$aonline resource$bcr$2rdacarrier
=490  1\$6880-03$aBunko kuseju ;$v734
=500  \\$aTranslation of: L'esthétique. 10e éd. Paris : Presses universitaires de France, 1954.
=504  \\$aIncludes bibliographical references.
=588  \\$aDescription based on print version record.
=650  \0$aAesthetics.
=650  \7$aAesthetics.$2fast$0(OCoLC)fst00798702
=700  1\$6880-04,$aYoshioka, Kenjirō,$d1926-$etranslator.
=700  1\$6880-05$aSasaya, Sumio,$d1954-$etranslator.
=773  0\$tJapanKnowledge
=776  08$6880-06$iPrint version:$aHuisman, Denis.$sEsthétique. Japanese.$tBigaku.$dTōkyō : Hakusuisha, 1992
=830  \0$6880-07$aBunko kuseju$v734.
=856  40$3JapanKnowledge$uhttp://japanknowledge.com/lib/display/?lid=8021007340000$yJapanKnowledge Lib
=880  10$6245-01$a美学 /$cドニ・ユイスマン著 ; 吉岡健二郎, 笹谷純雄共訳.
=880  \1$6264-02$a東京 :$b白水社,$c1992.
=880  1\$6490-03$a文庫クセジュ ;$v734
=880  1\$6700-04$a吉岡健二郎,$d1926-$etranslator.
=880  1\$6700-05$a笹谷純雄,$d1954-$etranslator.
=880  08$6776-06$iPrint version:$aHuisman, Denis.$sEsthétique. Japanese.$t美学.$d東京 : 白水社, 1992$w(OCoLC)33795844
=880  \0$6830-07$a文庫クセジュ ;$v734.
=859  \\$aORR$bJapanKnowledge
=CAT  \\$aW1704-1242$b00$c20170509$lBLL01$h0927
=CAT  \\$aBATCH-UPD$b00$c20170509$lBLL01$h0933
=CAT  \\$aBATCH-UPD$b00$c20170509$lBLL01$h0939
=CAT  \\$aW2003-0365$c20200305$lBLL01$h1101
=FIN  \\$aY$d20170509
=SID  \\$aZ30$bOCLC
=SRC  \\$aJapanKnowledge_2017$bJK_OCLC20170203.mrc
=LAS  \\$aW2003-0365$b00$c20200305$lBLL01$h1101

