=LDR  01980 am a22005414i 4500
=001  018338068
=003  Uk
=005  20170106042954.0
=006  m\\\\\o\\d\\\\\\\\
=007  cr\|||||||||||
=008  151113s2006\\\\ja\\\\\\o\\\\\000\0\jpn\d
=FMT  \\$a  BK
=020  \\$z456050900X
=020  \\$z9784560509005
=035  \\$a(OCoLC)929030738
=040  \\$aYUS$beng$cYUS$dYUS$dOCLCO$dUk$erda$epn
=041  1\$ajpn$hfre
=245  00$6880-01$aSarutoru /$cAnī Kōen Soraru cho ; Ishizaki Harumi yaku.
=264  \1$6880-02$aTōkyō :$bHakusuisha,$c2006.
=300  \\$a1 online resource.
=336  \\$atext$btxt$2rdacontent
=337  \\$acomputer$bc$2rdamedia
=338  \\$aonline resource$bcr$2rdacarrier
=490  1\$6880-03$aBunko kuseju ;$v900
=588  \\$aDescription based on print version.
=600  10$aSartre, Jean-Paul,$d1905-1980.
=600  17$aSartre, Jean-Paul,$d1905-1980$2fast$0(OCoLC)fst00042642
=700  1\$6880-04$aIshizaki, Harumi,$d1940-
=700  1\$aCohen-Solal, Annie,$d1948-
=730  0\$aJean-Paul Sartre.
=773  0\$tJapanKnowledge
=776  08$iPrint version:$tSarutoru.
=830  \0$6880-05$aBunko kuseju$v900.
=856  40$3JapanKnowledge$uhttp://japanknowledge.com/lib/display/?lid=8021009000000$yJapanKnowledge Lib
=880  00$6245-01/{dollar}1$aサルトル /$cアニー・コーエン=ソラル著 ; 石崎晴己訳.
=880  \1$6264-02/{dollar}1$a東京 :$b白水社,$c2006.
=880  1\$6490-03/{dollar}1$a文庫クセジュ ;$v900
=880  1\$6700-04/{dollar}1$a石崎晴己,$d1940-
=880  \0$6830-05/{dollar}1$a文庫クセジュ ;$v900.
=859  \\$aORR$bJapanKnowledge
=CAT  \\$aW1704-1242$b00$c20170509$lBLL01$h0927
=CAT  \\$aBATCH-UPD$b00$c20170509$lBLL01$h0933
=CAT  \\$aBATCH-UPD$b00$c20170509$lBLL01$h0939
=CAT  \\$aW2003-0365$c20200305$lBLL01$h1101
=FIN  \\$aY$d20170509
=SID  \\$aZ30$bOCLC
=SRC  \\$aJapanKnowledge_2017$bJK_OCLC20170203.mrc
=LAS  \\$aW2003-0365$b00$c20200305$lBLL01$h1101

