=LDR  02347 am a22006254i 4500
=001  018338069
=003  Uk
=005  20170106042955.0
=006  m\\\\\o\\d\\\\\\\\
=007  cr\|||||||||||
=008  151214s1995\\\\ja\\\\\\o\\\\\000\0\jpn\d
=FMT  \\$a  BK
=020  \\$z4560057672
=020  \\$z9784560057674
=035  \\$a(OCoLC)932129263
=040  \\$aCNEAL$beng$cYUS$dOCLCO$dOCLCF$dUk$erda$epn
=041  1\$ajpn$hfre
=050  \4$aDG87$b.G75165 1995
=100  1\$aGrimal, Pierre,$d1912-1996,$eauthor.
=240  10$aVilles romaines.$lJapanese
=245  10$6880-01$aRōma no kodai toshi /$cPiēru Gurimaru [cho] ; Kitano Tōru yaku.
=264  \1$6880-02$aTōkyō :$bHakusuisha,$c1995.
=300  \\$a1 online resource.
=336  \\$atext$btxt$2rdacontent
=337  \\$acomputer$bc$2rdamedia
=338  \\$aonline resource$bcr$2rdacarrier
=490  1\$6880-03$aBunko kuseju ;$v767
=500  \\$aTranslation of: Les villes romaines.
=588  \\$aDescription based on print version.
=650  \0$aCities and towns$zRome$xHistory.
=650  \0$aCity planning$zRome.
=650  \7$aCities and towns.$2fast$0(OCoLC)fst00861748
=650  \7$aCity planning.$2fast$0(OCoLC)fst00862177
=651  \0$aRome$xHistory, Local.
=651  \7$aRome (Empire)$2fast$0(OCoLC)fst01204885
=655  \7$aHistory.$2fast$0(OCoLC)fst01411628
=655  \7$aLocal history.$2fast$0(OCoLC)fst01411631
=700  1\$6880-04$aKitano, Tōru,$d1937-
=773  0\$tJapanKnowledge
=776  08$iPrint version:$tRōma no kodai toshi.
=830  \0$6880-05$aBunko kuseju$v767.
=856  40$3JapanKnowledge$uhttp://japanknowledge.com/lib/display/?lid=8021007670000$yJapanKnowledge Lib
=880  10$6245-01/{dollar}1$aローマの古代都市 /$cピエール・グリマル [著] ; 北野徹訳.
=880  \1$6264-02/{dollar}1$a東京 :$b白水社,$c1995.
=880  1\$6490-03/{dollar}1$a文庫クセジュ ;$v767
=880  1\$6700-04/{dollar}1$a北野徹,$d1937-
=880  \0$6830-05/{dollar}1$a文庫クセジュ ;$v767.
=859  \\$aORR$bJapanKnowledge
=CAT  \\$aW1704-1242$b00$c20170509$lBLL01$h0927
=CAT  \\$aBATCH-UPD$b00$c20170509$lBLL01$h0933
=CAT  \\$aW2003-0365$c20200305$lBLL01$h1101
=FIN  \\$aY$d20170509
=SID  \\$aZ30$bOCLC
=SRC  \\$aJapanKnowledge_2017$bJK_OCLC20170203.mrc
=LAS  \\$aW2003-0365$b00$c20200305$lBLL01$h1101

