=LDR  02523 am a22006014i 4500
=001  018338070
=003  Uk
=005  20170106042955.0
=006  m\\\\\o\\d\\\\\\\\
=007  cr\|||||||||||
=008  160115s1990\\\\ja\\\\\\o\\\\\000\0\jpn\d
=FMT  \\$a  BK
=020  \\$z4560057087
=020  \\$z9784560057087
=035  \\$a(OCoLC)934799142
=040  \\$aSTF$beng$cYUS$dOCLCO$dYUS$dOCLCO$dOCLCF$dUk$erda$epn
=041  1\$ajpn$hfre
=050  \4$aBM487$b.L3163 1990
=100  10$aLaperrousaz, E.-M.$q(Ernest-Marie),$eauthor.
=240  10$aManuscripts de la mer Morte.$lJapanese
=245  10$6880-01$aShikai shahon /$cE.M. Raperūza cho ; Nozawa Kyō yaku.
=264  \1$6880-02$aTōkyō :$bHakusuisha,$c1990.
=300  \\$a1 online resource.
=336  \\$atext$btxt$2rdacontent
=337  \\$acomputer$bc$2rdamedia
=338  \\$aonline resource$bcr$2rdacarrier
=490  1\$6880-03$aBunko kuseju ;$v708
=500  \\$aTranslation of: Les manuscripts de la mer Morte. Paris : Presses universitaires de France, 1961.
=588  \\$aDescription based on print version record.
=630  00$aDead Sea scrolls.
=630  07$aDead Sea scrolls.$2fast$0(OCoLC)fst01356176
=651  \0$aQumran Site (West Bank)
=651  \7$aWest Bank$zQumran Site.$2fast$0(OCoLC)fst01240086
=700  1\$6880-04$aNozawa, Kyō,$d1930-$etranslator.
=730  0\$aDead Sea scrolls.
=773  0\$tJapanKnowledge
=776  08$6880-05$iPrint version:$aLaperrousaz, E.-M. (Ernest-Marie)$sManuscripts de la mer Morte. Japanese.$tShikai shahon$dTōkyō : Hakusuisha, 1990
=830  \0$6880-06$aBunko kuseju$v708.
=856  40$3JapanKnowledge$uhttp://japanknowledge.com/lib/display/?lid=8021007080000$yJapanKnowledge Lib
=880  10$6245-01$a死海写本 /$cE.M.ラペルーザ著 ; 野沢協訳.
=880  \1$6264-02$a東京 :$b白水社,$c1990.
=880  1\$6490-03$a文庫クセジュ ;$v708
=880  1\$6700-04$a野沢協,$d1930-$etranslator.
=880  08$6776-05$iPrint version:$aLaperrousaz, E.-M. (Ernest-Marie)$sManuscripts de la mer Morte. Japanese.$t死海写本$d東京 : 白水社, 1990$w(OCoLC)47402213
=880  \0$6830-06$a文庫クセジュ ;$v708.
=859  \\$aORR$bJapanKnowledge
=CAT  \\$aW1704-1242$b00$c20170509$lBLL01$h0927
=CAT  \\$aBATCH-UPD$b00$c20170509$lBLL01$h0933
=CAT  \\$aW2003-0365$c20200305$lBLL01$h1101
=FIN  \\$aY$d20170509
=SID  \\$aZ30$bOCLC
=SRC  \\$aJapanKnowledge_2017$bJK_OCLC20170203.mrc
=LAS  \\$aW2003-0365$b00$c20200305$lBLL01$h1101

