=LDR  02112 am a22005294i 4500
=001  018338071
=003  Uk
=005  20170106042955.0
=006  m\\\\\o\\d\\\\\\\\
=007  cr\|||||||||||
=008  151113s1969\\\\ja\\\\\\o\\\\\000\0\jpn\d
=FMT  \\$a  BK
=035  \\$a(OCoLC)929030683
=040  \\$aYUS$beng$cYUS$dYUS$dOCLCO$dOCLCF$dOCL$dUk$erda$epn
=041  1\$ajpn$hfre
=245  00$6880-01$aGendai Furansu no tetsugaku :$bjitsuzon shugi, genshōgaku, kōzō shugi /$cPiēru Torotinyon cho ; Tajima Setsuo yaku.
=264  \1$6880-02$aTōkyō :$bHakusuisha,$c1969.
=300  \\$a1 online resource.
=336  \\$atext$btxt$2rdacontent
=337  \\$acomputer$bc$2rdamedia
=338  \\$aonline resource$bcr$2rdacarrier
=490  1\$6880-03$aBunko kuseju ;$v459
=588  \\$aDescription based on print version.
=648  \7$a1900-1999$2fast
=650  \0$aPhilosophy, French$y20th century.
=650  \7$aPhilosophy, French.$2fast$0(OCoLC)fst01060959
=700  1\$6880-04$aTajima, Sadao,$d1925-
=700  1\$aTrotignon, Pierre.
=730  0\$aPhilosophes français d'aujourd'hui.
=773  0\$tJapanKnowledge
=776  08$iPrint version:$tGendai furansu no tetsugaku.
=830  \0$6880-05$aBunko kuseju$v459.
=856  40$3JapanKnowledge$uhttp://japanknowledge.com/lib/display/?lid=8021004590000$yJapanKnowledge Lib
=880  00$6245-01/{dollar}1$a現代フランスの哲学 :$b実存主義・現象学・構造主義 /$cピエール・トロティニョン著 ; 田島節夫訳.
=880  \1$6264-02/{dollar}1$a東京 :$b白水社,$c1969.
=880  1\$6490-03/{dollar}1$a文庫クセジュ ;$v459
=880  1\$6700-04/{dollar}1$a田島節夫,$d1925-
=880  \0$6830-05/{dollar}1$a文庫クセジュ ;$v459.
=859  \\$aORR$bJapanKnowledge
=CAT  \\$aW1704-1242$b00$c20170509$lBLL01$h0927
=CAT  \\$aBATCH-UPD$b00$c20170509$lBLL01$h0933
=CAT  \\$aBATCH-UPD$b00$c20170509$lBLL01$h0939
=CAT  \\$aW2003-0365$c20200305$lBLL01$h1101
=FIN  \\$aY$d20170509
=SID  \\$aZ30$bOCLC
=SRC  \\$aJapanKnowledge_2017$bJK_OCLC20170203.mrc
=LAS  \\$aW2003-0365$b00$c20200305$lBLL01$h1101

