=LDR  02251 am a2200601 a 4500
=001  018338072
=003  Uk
=005  20170106042956.0
=006  m\\\\\o\\d\\\\\\\\
=007  cr\un|||||||||
=008  120209s1987\\\\ja\a\\\\ob\\\\000\0\jpn\d
=FMT  \\$a  BK
=020  \\$z4582804721
=020  \\$z9784582804720
=035  \\$a(OCoLC)775699162
=040  \\$aCUS$beng$cCUS$dOCLCQ$dOCLCF$dYUS$dOCLCQ$dOCLCO$dYUS$dOCLCO$dOCLCQ$dYUS$dOCLCO$dUk
=043  \\$aa-ja---
=050  \4$aDS809$b.E26 1987
=245  00$6880-01$aEdo onsen kikō /$cItasaka Yōko hen.
=250  \\$6880-02$aShohan.
=260  \\$6880-03$aTōkyō :$bHeibonsha,$c1987.
=300  \\$a1 online resource (iv, 322, 16 pages) :$billustrations.
=336  \\$atext$btxt$2rdacontent
=337  \\$acomputer$bc$2rdamedia
=338  \\$aonline resource$bcr$2rdacarrier
=490  1\$6880-04$aTōyō bunko ;$v472
=504  \\$aIncludes bibliographical references (pages 320-322).
=588  0\$aPrint version record.
=650  \0$aHot springs$zJapan.
=650  \7$aHot springs.$2fast$0(OCoLC)fst00961689
=650  \7$aTravel.$2fast$0(OCoLC)fst01155558
=651  \0$aJapan$xDescription and travel.
=651  \7$aJapan.$2fast$0(OCoLC)fst01204082
=700  1\$6880-05$aItasaka, Yōko,$d1946-
=773  0\$tJapanKnowledge
=776  08$iPrint version:$tEdo onsen kikō.$bShohan.$dTōkyō : Heibonsha, 1987$z4582804721
=830  \0$6880-06$aTōyō bunko$v472.
=856  40$3JapanKnowledge$uhttp://japanknowledge.com/lib/display/?lid=80010V0472P0002$yJapanKnowledge Lib
=880  00$6245-01/{dollar}1$a江戶温泉紀行 /$c板坂耀子編.
=880  \\$6250-02/{dollar}1$a初版.
=880  \\$6260-03/{dollar}1$a東京 :$b平凡社,$c1987.
=880  1\$6490-04/{dollar}1$a東洋文庫 ;$v472
=880  1\$6700-05/{dollar}1$a板坂耀子,$d1946-
=880  \0$6830-06/{dollar}1$a東洋文庫 ;$v472.
=859  \\$aORR$bJapanKnowledge
=CAT  \\$aW1704-1242$b00$c20170509$lBLL01$h0927
=CAT  \\$aBATCH-UPD$b00$c20170509$lBLL01$h0933
=CAT  \\$aBATCH-UPD$b00$c20170509$lBLL01$h0939
=CAT  \\$aW2003-0365$c20200305$lBLL01$h1101
=FIN  \\$aY$d20170509
=SID  \\$aZ30$bOCLC
=SRC  \\$aJapanKnowledge_2017$bJK_OCLC20170203.mrc
=LAS  \\$aW2003-0365$b00$c20200305$lBLL01$h1101

