=LDR  02066 am a22005654i 4500
=001  018338073
=003  Uk
=005  20170106042956.0
=006  m\\\\\o\\d\\\\\\\\
=007  cr\|||||||||||
=008  151113s1975\\\\ja\\\\\\o\\\\\000\0\jpn\d
=FMT  \\$a  BK
=020  \\$z4560055890
=020  \\$z9784560055892
=035  \\$a(OCoLC)929031138
=040  \\$aCNEAL$beng$cYUS$dOCLCO$dYUS$dOCLCO$dOCLCF$dUk$erda$epn
=041  1\$ajpn$hfre
=050  \4$aML290$b.B75167 1975
=100  1\$aBridgman, Nanie,$eauthor.
=245  10$6880-01$aItaria ongakushi /$cNanī Burijjiman cho ; Tanamura Shinji yaku.
=264  \1$6880-02$aTōkyō :$bHakusuisha,$c1975.
=300  \\$a1 online resource.
=336  \\$atext$btxt$2rdacontent
=337  \\$acomputer$bc$2rdamedia
=338  \\$aonline resource$bcr$2rdacarrier
=490  1\$6880-03$aBunko kuseju ;$v589
=588  \\$aDescription based on print version.
=650  \0$aMusic$zItaly$xHistory.
=650  \7$aMusic.$2fast$0(OCoLC)fst01030269
=651  \7$aItaly.$2fast$0(OCoLC)fst01204565
=655  \7$aHistory.$2fast$0(OCoLC)fst01411628
=700  1\$6880-04$aTanamura, Shinji,$d1919-
=730  0\$aMusique italienne.
=773  0\$tJapanKnowledge
=776  08$iPrint version:$tItaria ongakushi
=830  \0$6880-05$aBunko kuseju$v589.
=856  40$3JapanKnowledge$uhttp://japanknowledge.com/lib/display/?lid=8021005890000$yJapanKnowledge Lib
=880  10$6245-01/{dollar}1$aイタリア音楽史 /$cナニー・ブリッジマン著 ; 店村新次訳.
=880  \1$6264-02/{dollar}1$a東京 :$b白水社,$c1975.
=880  1\$6490-03/{dollar}1$a文庫クセジュ ;$v589
=880  1\$6700-04/{dollar}1$a店村新次,$d1919-
=880  \0$6830-05/{dollar}1$a文庫クセジュ ;$v589.
=859  \\$aORR$bJapanKnowledge
=CAT  \\$aW1704-1242$b00$c20170509$lBLL01$h0927
=CAT  \\$aBATCH-UPD$b00$c20170509$lBLL01$h0933
=CAT  \\$aW2003-0365$c20200305$lBLL01$h1101
=FIN  \\$aY$d20170509
=SID  \\$aZ30$bOCLC
=SRC  \\$aJapanKnowledge_2017$bJK_OCLC20170203.mrc
=LAS  \\$aW2003-0365$b00$c20200305$lBLL01$h1101

