=LDR  02270 am a22006134i 4500
=001  018338074
=003  Uk
=005  20170106042956.0
=006  m\\\\\o\\d\\\\\\\\
=007  cr\|||||||||||
=008  151112s1972\\\\ja\\\\\\ob\\\\000\0\jpn\d
=FMT  \\$a  BK
=020  \\$z456005228X
=020  \\$z9784560052280
=035  \\$a(OCoLC)928950196
=040  \\$aYUS$beng$cYUS$dOCLCO$dYUS$dOCLCO$dUk$erda$epn
=041  1\$ajpn$hfre
=050  \4$aBF455$b.C45516 1972
=100  1\$aChauchard, Paul,$d1912-2003,$eauthor.
=240  10$aLangage et la pensée.$lJapanese
=245  10$6880-01$aGengo to shikō /$cPōru Shoshāru ; Yoshikura Norimitsu yaku.
=264  \1$6880-03$aTōkyō :$bHakusuisha,$c1972.
=300  \\$a1 online resource.
=336  \\$atext$btxt$2rdacontent
=337  \\$acomputer$bc$2rdamedia
=338  \\$aonline resource$bcr$2rdacarrier
=490  1\$6880-04$aBunko kuseju ;$v228
=504  \\$aIncludes bibliographical references (pages i-iv).
=588  \\$aDescription based on print version.
=650  \0$aPsycholinguistics.
=650  \0$aSpeech.
=650  \0$aThought and thinking.
=650  \7$aPsycholinguistics.$2fast$0(OCoLC)fst01081323
=650  \7$aSpeech.$2fast$0(OCoLC)fst01129153
=650  \7$aThought and thinking.$2fast$0(OCoLC)fst01150249
=700  1\$6880-07$aYoshikura, Norimitsu,$d1907-
=773  0\$tJapanKnowledge
=776  08$iPrint version:$tGengo to shikō
=830  \0$6880-08$aBunko kuseju$v228.
=856  40$3JapanKnowledge$uhttp://japanknowledge.com/lib/display/?lid=8021002280000$yJapanKnowledge Lib
=880  10$6245-01$a言語と思考 /$cポール・ショシャール著 ; 吉倉範光訳.
=880  \1$6264-03$a東京 :$b白水社,$c1972.
=880  1\$6490-04$a文庫クセジュ ;$v228
=880  1\$6700-07$a吉倉範光,$d1907-
=880  \0$6830-08$a文庫クセジュ ;$v228.
=859  \\$aORR$bJapanKnowledge
=CAT  \\$aW1704-1242$b00$c20170509$lBLL01$h0927
=CAT  \\$aBATCH-UPD$b00$c20170509$lBLL01$h0933
=CAT  \\$aBATCH-UPD$b00$c20170509$lBLL01$h0939
=CAT  \\$aW2003-0365$c20200305$lBLL01$h1101
=FIN  \\$aY$d20170509
=SID  \\$aZ30$bOCLC
=SRC  \\$aJapanKnowledge_2017$bJK_OCLC20170203.mrc
=LAS  \\$aW2003-0365$b00$c20200305$lBLL01$h1101

