=LDR  02848 am a22006257a 4500
=001  018338075
=003  Uk
=005  20201124190601.0
=006  m\\\\\o\\d\\\\\\\\
=007  cr\un|||||||||
=008  090202s1997\\\\ja\a\\\\o\\\\\000\0\jpn\d
=FMT  \\$a  BK
=035  \\$a(OCoLC)301289825
=040  \\$aOCLCE$beng$cOCLCE$dOCLCQ$dCUS$dOCLCQ$dOCLCF$dOCLCO$dYUS$dOCLCO$dYUS$dOCLCO$dOCLCQ$dYUS$dOCLCO$dUk$epn
=041  1\$ajpn$hfre
=043  \\$aa-ir---
=050  \4$aDS257.C57$bV6919 1997
=100  1\$aChardin, John,$cSir,$d1643-1713.
=240  10$aVoyages du chevalier Chardin en Perse, et autres lieux de l'Orient, enrichis d'un grand nombre de belles figures en taille-douce, représentant les antiquités et les choses remarquables du pays.$lJapanese
=245  10$6880-01$aPerushia kenbunki /$cJ. Sharudan ; Okada Naoji yakuchū.
=250  \\$6880-02$aShohan.
=260  \\$6880-03$aTōkyō :$bHeibonsha,$c1997.
=300  \\$a1 online resource (342 pages) :$billustrations.
=336  \\$atext$btxt$2rdacontent
=337  \\$acomputer$bc$2rdamedia
=338  \\$aonline resource$bcr$2rdacarrier
=490  1\$6880-04$aTōyō bunko ;$v621
=588  0\$aPrint version record.
=650  \7$aTravel.$2fast$0(OCoLC)fst01155558
=651  \0$aIran.
=651  \0$aMiddle East$xDescription and travel.
=651  \7$aIran.$2fast$0(OCoLC)fst01204889
=651  \7$aMiddle East.$2fast$0(OCoLC)fst01241586
=700  1\$6880-05$aOkada, Naoji,$d1929-
=773  0\$tJapanKnowledge
=776  08$iPrint version:$aChardin, John, Sir, 1643-1713.$sVoyages du chevalier Chardin en Perse, et autres lieux de l'Orient, enrichis d'un grand nombre de belles figures en taille-douce, représentant les antiquités et les choses remarquables du pays. Japanese.$tPerusha kenbunki.$bShohan.$dTōkyō : Heibonsha, 1997$z458280621X$z9784582806212
=830  \0$6880-06$aTōyō bunko$v621.
=856  40$3JapanKnowledge$uhttp://japanknowledge.com/lib/display/?lid=80010V0621P0002$yJapanKnowledge Lib
=880  10$6245-01/{dollar}1$aペルシア見聞記 /$cJ・シャルダン ; 岡田直次 訳注.
=880  \\$6250-02/{dollar}1$a初版.
=880  \\$6260-03/{dollar}1$a東京 :$b平凡社,$c1997.
=880  1\$6490-04/{dollar}1$a東洋文庫 ;$v621
=880  1\$6700-05/{dollar}1$a岡田直次,$d1929-
=880  \0$6830-06/{dollar}1$a東洋文庫 ;$v621.
=859  \\$aORR$bJapanKnowledge
=985  \\$aUpgraded by BSS-generated file for WR2011-1473
=CAT  \\$aW1704-1242$b00$c20170509$lBLL01$h0927
=CAT  \\$aBATCH-UPD$b00$c20170509$lBLL01$h0933
=CAT  \\$aBATCH-UPD$b00$c20170811$lBLL01$h2025
=CAT  \\$aW2003-0365$c20200305$lBLL01$h1101
=CAT  \\$aW2011-1473$b00$c20201124$lBLL01$h1906
=FIN  \\$aY$d20170509
=SID  \\$aZ30$bOCLC
=SRC  \\$aJapanKnowledge_2017$bJK_OCLC20170203.mrc
=LAS  \\$aW2011-1473$b00$c20201124$lBLL01$h1906

