=LDR  02902 am a22006137i 4500
=001  018338076
=003  Uk
=005  20170106042957.0
=006  m\\\\\o\\d\\\\\\\\
=007  cr\|||||||||||
=008  100417m19771978ja\\\\\\o\\\\\000\0\jpn\d
=FMT  \\$a  BK
=019  \\$a297308645
=035  \\$a(OCoLC)607672448$z(OCoLC)297308645
=040  \\$aOCLCE$beng$cOCLCE$dOCLCQ$dCUS$dOCLCQ$dYUS$dOCLCO$dYUS$dOCLCQ$dYUS$dOCLCO$dUk$epn
=042  \\$adlr
=050  \4$aAC146$b.M298 1977
=100  1\$6880-01$aMatsuura, Seizan,$d1760-1841
=245  10$6880-02$aKasshi yawa :$b[seihen hyakkan] /$cMatsuura Seizan ; Nakamura Yukihiko, Nakano Mitsutoshi kōtei.
=250  \\$6880-03$aShohan.
=260  \\$6880-04$aTōkyō :$bHeibonsha,$cShōwa 52-53 [1977-1978]
=300  \\$a1 online resource (6 volumes).
=336  \\$atext$btxt$2rdacontent
=337  \\$acomputer$bc$2rdamedia
=338  \\$aonline resource$bcr$2rdacarrier
=490  1\$6880-05$aTōyō bunko ;$v306, 314, 321, 333, 338, 342
=588  0\$aPrint version record.
=700  1\$6880-06$aNakamura, Yukihiko,$d1911-1998
=700  1\$6880-07$aNakano, Mitsutoshi,$d1935-
=773  0\$tJapanKnowledge
=776  08$iPrint version:$aMatsuura, Seizan, 1760-1841.$tKasshi yawa.$dTōkyō : Heibonsha, Shōwa 52-53 [1977-1978]
=830  \0$6880-08$aTōyō bunko$v306, etc.
=856  40$3JapanKnowledge Volume 1$uhttp://japanknowledge.com/lib/display/?lid=80010V0306P0002$yJapanKnowledge Lib
=856  40$3JapanKnowledge Volume 2$uhttp://japanknowledge.com/lib/display/?lid=80010V0314P0002$yJapanKnowledge Lib
=856  40$3JapanKnowledge Volume 3$uhttp://japanknowledge.com/lib/display/?lid=80010V0321P0002$yJapanKnowledge Lib
=856  40$3JapanKnowledge Volume 4$uhttp://japanknowledge.com/lib/display/?lid=80010V0333P0002$yJapanKnowledge Lib
=856  40$3JapanKnowledge Volume 5$uhttp://japanknowledge.com/lib/display/?lid=80010V0338P0002$yJapanKnowledge Lib
=856  40$3JapanKnowledge Volume 6$uhttp://japanknowledge.com/lib/display/?lid=80010V0342P0002$yJapanKnowledge Lib
=880  1\$6100-01/{dollar}1$a松浦静山,$d1760-1841.
=880  10$6245-02/{dollar}1$a甲子夜話 :$b[正編百卷] /$c松浦静山 ; 中村幸彥, 中野三敏校訂.
=880  \\$6250-03/{dollar}1$a初版.
=880  \\$6260-04/{dollar}1$a東京 :$b平凡社,$c昭和52-53 [1977-1978]
=880  1\$6490-05/{dollar}1$a東洋文庫 ;$v306, 314, 321, 333, 338, 342
=880  1\$6700-06/{dollar}1$a中村幸彥,$d1911-1998.
=880  1\$6700-07/{dollar}1$a中野三敏,$d1935-
=880  \0$6830-08/{dollar}1$a東洋文庫 ;$v306, etc.
=859  \\$aORR$bJapanKnowledge
=CAT  \\$aW1704-1242$b00$c20170509$lBLL01$h0927
=CAT  \\$aBATCH-UPD$b00$c20170509$lBLL01$h0933
=CAT  \\$aW2003-0365$c20200305$lBLL01$h1101
=FIN  \\$aY$d20170509
=SID  \\$aZ30$bOCLC
=SRC  \\$aJapanKnowledge_2017$bJK_OCLC20170203.mrc
=LAS  \\$aW2003-0365$b00$c20200305$lBLL01$h1101

