=LDR  02391 am a22006254i 4500
=001  018338077
=003  Uk
=005  20170106042957.0
=006  m\\\\\o\\d\\\\\\\\
=007  cr\|||||||||||
=008  151113s2002\\\\ja\\\\\\o\\\\\001\0\jpn\d
=FMT  \\$a  BK
=020  \\$z4560058504
=020  \\$z9784560058503
=035  \\$a(OCoLC)929031182
=040  \\$aCNEAL$beng$cYUS$dOCLCO$dYUS$dOCLCO$dOCLCF$dUk$erda$epn
=041  1\$ajpn$hfre
=050  \4$aND613$b.L47165 2002
=100  10$aLeroy, Françoise,$eauthor.
=240  10$aPeinture italienne du moyen ́ge.$lJapanese
=245  10$6880-01$aChūsei Itaria kaiga /$cFuransowāzu Rurowa cho ; Ikegami Kōhei, Hara Shōji yaku.
=264  \1$6880-02$aTokyo :$bHakusuisha,$c2002.
=300  \\$a1 online resource.
=336  \\$atext$btxt$2rdacontent
=337  \\$acomputer$bc$2rdamedia
=338  \\$aonline resource$bcr$2rdacarrier
=490  1\$6880-03$aBunko kuseju ;$v850
=500  \\$aTranslation of: La peinture italienne du moyen ́ge.
=588  \\$aDescription based on print version.
=650  \0$aPainting, Italian.
=650  \0$aPainting, Medieval$zItaly.
=650  \7$aPainting, Italian.$2fast$0(OCoLC)fst01050910
=650  \7$aPainting, Medieval.$2fast$0(OCoLC)fst01050976
=651  \7$aItaly.$2fast$0(OCoLC)fst01204565
=700  1\$6880-04$aIkegami, Kōhei,$d1957-
=700  1\$6880-05$aHara, Shōji
=773  0\$tJapanKnowledge
=776  08$iPrint version:$tChusei Itaria kaiga
=830  \0$6880-06$aBunko kuseju$v850.
=856  40$3JapanKnowledge$uhttp://japanknowledge.com/lib/display/?lid=8021008500000$yJapanKnowledge Lib
=880  10$6245-01/{dollar}1$a中世イタリア絵画 /$cフランソワーズ・ルロワ著 ; 池上公平, 原章二訳.
=880  \1$6264-02/{dollar}1$a東京 :$b白水社,$c2002.
=880  1\$6490-03/{dollar}1$a文庫クセジュ ;$v850
=880  1\$6700-04/{dollar}1$a池上公平,$d1957-
=880  1\$6700-05/{dollar}1$a原章二
=880  \0$6830-06/{dollar}1$a文庫クセジュ ;$v850.
=859  \\$aORR$bJapanKnowledge
=CAT  \\$aW1704-1242$b00$c20170509$lBLL01$h0927
=CAT  \\$aBATCH-UPD$b00$c20170509$lBLL01$h0933
=CAT  \\$aBATCH-UPD$b00$c20170509$lBLL01$h0939
=CAT  \\$aW2003-0365$c20200305$lBLL01$h1101
=FIN  \\$aY$d20170509
=SID  \\$aZ30$bOCLC
=SRC  \\$aJapanKnowledge_2017$bJK_OCLC20170203.mrc
=LAS  \\$aW2003-0365$b00$c20200305$lBLL01$h1101

