=LDR  02744 am a22006857a 4500
=001  018338078
=003  Uk
=005  20170106042958.0
=006  m\\\\\o\\d\\\\\\\\
=007  cr\|||||||||||
=008  111007s1999\\\\ja\\\\\\ob\\\\000\0\jpn\d
=FMT  \\$a  BK
=020  \\$z4582806473
=020  \\$z9784582806472
=035  \\$a(OCoLC)756234378
=040  \\$aOCLCE$beng$cOCLCE$dCUS$dOCLCO$dOCLCQ$dOCLCF$dOCLCO$dYUS$dOCLCO$dYUS$dOCLCO$dOCLCQ$dYUS$dOCLCO$dUk$epn
=041  1\$ajpn$hper
=042  \\$adlr
=043  \\$aa-ir---
=050  \4$aDS266$b.P488 1999
=245  00$6880-01$aPerushia minzokushi /$cA.J. Hānsārī, Sādeku Hedāyato ; Okada Emiko, Okunishi Shunsuke yakuchū.
=250  \\$6880-02$aShohan.
=260  \\$6880-03$aTōkyō :$bHeibonsha,$c1999.
=300  \\$a1 online resource (337 pages).
=336  \\$atext$btxt$2rdacontent
=337  \\$acomputer$bc$2rdamedia
=338  \\$aonline resource$bcr$2rdacarrier
=490  1\$6880-04$aTōyō bunko ;$v647
=504  \\$aIncludes bibliographical references.
=505  00$tKorusumu Bāsan --$tFushigi no kuni.
=588  0\$aPrint version record.
=650  \7$6880-05$aIran$xFuzoku.$2jlabsh
=650  \7$aManners and customs.$2fast$0(OCoLC)fst01007815
=651  \0$aIran$xSocial life and customs.
=651  \7$aIran.$2fast$0(OCoLC)fst01204889
=700  1\$6880-06$aOkada, Emiko,$d1932-
=700  1\$6880-07$aOkunishi, Shunsuke.
=700  12$aHidāyat, Ṣādiq,$d1903-1951.$tNīrangistān.$lJapanese.
=700  12$aKhunsārī, Jamāl.$tKitāb-i Kuls̲ūm-nana.$lJapanese.
=773  0\$tJapanKnowledge
=776  08$iPrint version:$tPerusha minzokushi.$bShohan.$dTōkyō : Heibonsha, 1999$z4582806473
=830  \0$6880-08$aTōyō bunko$v647.
=856  40$3JapanKnowledge$uhttp://japanknowledge.com/lib/display/?lid=80010V0647P0002$yJapanKnowledge Lib
=880  00$6245-01/{dollar}1$aペルシア民俗誌 /$cA・J・ハーンサーリー, サーデク・ヘダーヤト ; 岡田恵美子, 奥西峻介訳注.
=880  \\$6250-02/{dollar}1$a初版.
=880  \\$6260-03/{dollar}1$a東京 :$b平凡社,$c1999.
=880  1\$6490-04/{dollar}1$a東洋文庫 ;$v647
=880  \7$6650-05/{dollar}1$aイラン$x風俗.$2jlabsh
=880  1\$6700-06/{dollar}1$a岡田恵美子,$d1932-
=880  1\$6700-07/{dollar}1$a奥西峻介.
=880  0\$6765-00/{dollar}1$t'Aqayid al-nisā〓
=880  \0$6830-08/{dollar}1$a東洋文庫 ;$v647.
=859  \\$aORR$bJapanKnowledge
=CAT  \\$aW1704-1242$b00$c20170509$lBLL01$h0927
=CAT  \\$aBATCH-UPD$b00$c20170509$lBLL01$h0933
=CAT  \\$aW2003-0365$c20200305$lBLL01$h1101
=FIN  \\$aY$d20170509
=SID  \\$aZ30$bOCLC
=SRC  \\$aJapanKnowledge_2017$bJK_OCLC20170203.mrc
=LAS  \\$aW2003-0365$b00$c20200305$lBLL01$h1101

