=LDR  02382 am a2200625 a 4500
=001  018338079
=003  Uk
=005  20170106042958.0
=006  m\\\\\o\\d\\\\\\\\
=007  cr\un|||||||||
=008  120228s1964\\\\ja\ab\\\o\\\\\000\0\jpn\d
=FMT  \\$a  BK
=035  \\$a(OCoLC)778564858
=040  \\$aCUS$beng$cCUS$dOCLCQ$dOCLCA$dOCLCQ$dOCLCF$dYUS$dOCLCO$dYUS$dOCLCO$dOCLCQ$dYUS$dOCLCO$dUk
=041  1\$ajpn$hchi
=043  \\$aa-cc---
=050  \4$aGR335$b.K3315
=100  1\$6880-01$aGan, Bao,$dactive 317-322
=240  10$6880-02$aSou shen ji.$lJapanese
=245  10$6880-03$aSōshinki /$cKan Pō [cho] ; Takeda Akira yaku.
=246  3\$aSōjinki
=250  \\$6880-04$aShohan.
=260  \\$6880-05$aTōkyō :$bHeibonsha,$c1964$g(1982 printing)
=300  \\$a1 online resource (398 pages) :$billustrations, map.
=336  \\$atext$btxt$2rdacontent
=337  \\$acomputer$bc$2rdamedia
=338  \\$aonline resource$bcr$2rdacarrier
=490  1\$6880-06$aTōyō bunko ;$v10
=500  \\$aTranslation of: Sou shen ji.
=588  0\$aPrint version record.
=650  \0$aLegends$zChina.
=650  \7$aLegends.$2fast$0(OCoLC)fst00995592
=651  \7$aChina.$2fast$0(OCoLC)fst01206073
=700  1\$6880-07$aTakeda, Akira,$d1930-
=773  0\$tJapanKnowledge
=776  08$iPrint version:$aGan, Bao, active 317-322.$sSou shen ji. Japanese.$tSōshinki.$bShohan.$dTōkyō : Heibonsha, 1964
=830  \0$6880-08$aTōyō bunko$v10.
=856  40$3JapanKnowledge$uhttp://japanknowledge.com/lib/display/?lid=80010V0010P0002$yJapanKnowledge Lib
=880  1\$6100-01/{dollar}1$a干宝,$dactive 317-322.
=880  10$6240-02/{dollar}1$a捜神記.$lJapanese
=880  10$6245-03/{dollar}1$a捜神記 /$c干宝[著] ; 竹田晃訳.
=880  \\$6250-04/{dollar}1$a初版.
=880  \\$6260-05/{dollar}1$a東京 :$b平凡社,$c1964$g(1982 printing)
=880  1\$6490-06/{dollar}1$a東洋文庫 ;$v10
=880  1\$6700-07/{dollar}1$a竹田晃,$d1930-
=880  \0$6830-08/{dollar}1$a東洋文庫 ;$v10.
=859  \\$aORR$bJapanKnowledge
=CAT  \\$aW1704-1242$b00$c20170509$lBLL01$h0927
=CAT  \\$aBATCH-UPD$b00$c20170509$lBLL01$h0933
=CAT  \\$aBATCH-UPD$b00$c20170509$lBLL01$h0939
=CAT  \\$aW2003-0365$c20200305$lBLL01$h1101
=FIN  \\$aY$d20170509
=SID  \\$aZ30$bOCLC
=SRC  \\$aJapanKnowledge_2017$bJK_OCLC20170203.mrc
=LAS  \\$aW2003-0365$b00$c20200305$lBLL01$h1101

