=LDR  01999 am a22005414i 4500
=001  018338080
=003  Uk
=005  20170106042958.0
=006  m\\\\\o\\d\\\\\\\\
=007  cr\|||||||||||
=008  151113s2007\\\\ja\\\\\\o\\\\\000\0\jpn\d
=FMT  \\$a  BK
=020  \\$z4560509166
=020  \\$z9784560509166
=035  \\$a(OCoLC)929031365
=040  \\$aCNEAL$beng$cYUS$dOCLCO$dYUS$dOCLCO$dOCLCF$dUk$erda$epn
=041  1\$ajpn$hfre
=050  \4$aGV945$b.B68165 2007
=100  1\$aBouthier, Daniel,$eauthor.
=245  10$6880-01$aRagubī :$bshinkasuru sekai no purē sutairu /$cDanieru Butie cho ; Ikawa Hiroshi yaku.
=264  \1$6880-02$aTōkyō :$bHakusuisha,$c2007.
=300  \\$a1 online resource.
=336  \\$atext$btxt$2rdacontent
=337  \\$acomputer$bc$2rdamedia
=338  \\$aonline resource$bcr$2rdacarrier
=490  1\$6880-03$aBunko kuseju ;$v916
=588  \\$aDescription based on print version.
=650  \0$aRugby football.
=650  \7$aRugby football.$2fast$0(OCoLC)fst01101113
=700  1\$6880-04$aIkawa, Hiroshi,$d1949-
=730  0\$aRugby.
=773  0\$tJapanKnowledge
=776  08$iPrint version:$tRagubī
=830  \0$6880-05$aBunko kuseju$v916.
=856  40$3JapanKnowledge$uhttp://japanknowledge.com/lib/display/?lid=8021009160000$yJapanKnowledge Lib
=880  10$6245-01/{dollar}1$aラグビー :$b進化する世界のプレースタイル /$cダニエル・ブティエ著 ; 井川浩訳.
=880  \1$6264-02/{dollar}1$a東京 :$b白水社,$c2007.
=880  1\$6490-03/{dollar}1$a文庫クセジュ ;$v916
=880  1\$6700-04/{dollar}1$a井川浩,$d1949-
=880  \0$6830-05/{dollar}1$a文庫クセジュ ;$v916.
=859  \\$aORR$bJapanKnowledge
=CAT  \\$aW1704-1242$b00$c20170509$lBLL01$h0927
=CAT  \\$aBATCH-UPD$b00$c20170509$lBLL01$h0933
=CAT  \\$aW2003-0365$c20200305$lBLL01$h1101
=FIN  \\$aY$d20170509
=SID  \\$aZ30$bOCLC
=SRC  \\$aJapanKnowledge_2017$bJK_OCLC20170203.mrc
=LAS  \\$aW2003-0365$b00$c20200305$lBLL01$h1101

