=LDR  02363 am a22006374i 4500
=001  018338081
=003  Uk
=005  20170106042959.0
=006  m\\\\\o\\d\\\\\\\\
=007  cr\|||||||||||
=008  151113s2000\\\\ja\\\\\\o\\\\\000\0\jpn\d
=FMT  \\$a  BK
=020  \\$z4560058237
=020  \\$z9784560058237
=035  \\$a(OCoLC)929030702
=040  \\$aYUS$beng$cYUS$dYUS$dOCLCO$dOCLCF$dUk$erda$epn
=041  1\$ajpn$hfre
=043  \\$ae-sp---
=245  00$6880-01$aRekonkisuta no rekishi /$cFirippu Konra cho ; Arita Tadao yaku.
=264  \1$6880-02$aTōkyō :$bHakusuisha,$c2000.
=300  \\$a1 online resource.
=336  \\$atext$btxt$2rdacontent
=337  \\$acomputer$bc$2rdamedia
=338  \\$aonline resource$bcr$2rdacarrier
=490  1\$6880-03$aBunko kuseju ;$v823
=588  \\$aDescription based on print version.
=648  \7$a711 - 1516$2fast
=650  \0$aMigration, Internal$zSpain$xHistory.
=650  \0$aLand settlement$zSpain$xHistory.
=650  \7$aLand settlement.$2fast$0(OCoLC)fst00991305
=650  \7$aMigration, Internal.$2fast$0(OCoLC)fst01020741
=651  \0$aSpain$xHistory$y711-1516.
=651  \0$aSpain$xHistory, Military.
=651  \7$aSpain.$2fast$0(OCoLC)fst01204303
=655  \7$aHistory.$2fast$0(OCoLC)fst01411628
=655  \7$aMilitary history.$2fast$0(OCoLC)fst01411630
=700  1\$6880-04$aArita, Tadao,$d1928-
=700  1\$aConrad, Philippe.
=730  0\$aHistoire de la Reconquista.
=773  0\$tJapanKnowledge
=776  08$iPrint version:$tRekonkisuta no rekishi.
=830  \0$6880-05$aBunko kuseju$v823.
=856  40$3JapanKnowledge$uhttp://japanknowledge.com/lib/display/?lid=8021008230000$yJapanKnowledge Lib
=880  00$6245-01/{dollar}1$aレコンキスタの歴史 /$cフィリップ・コンラ著 ; 有田忠郎訳.
=880  \1$6264-02/{dollar}1$a東京 :$b白水社,$c2000.
=880  1\$6490-03/{dollar}1$a文庫クセジュ ;$v823
=880  1\$6700-04/{dollar}1$a有田忠郎,$d1928-
=880  \0$6830-05/{dollar}1$a文庫クセジュ ;$v823.
=859  \\$aORR$bJapanKnowledge
=CAT  \\$aW1704-1242$b00$c20170509$lBLL01$h0927
=CAT  \\$aBATCH-UPD$b00$c20170509$lBLL01$h0933
=CAT  \\$aW2003-0365$c20200305$lBLL01$h1101
=FIN  \\$aY$d20170509
=SID  \\$aZ30$bOCLC
=SRC  \\$aJapanKnowledge_2017$bJK_OCLC20170203.mrc
=LAS  \\$aW2003-0365$b00$c20200305$lBLL01$h1101

