=LDR  02693 am a22006377a 4500
=001  018338082
=003  Uk
=005  20170106042959.0
=006  m\\\\\o\\d\\\\\\\\
=007  cr\|||||||||||
=008  100429s1977\\\\ja\a\\\\o\\\\\000\0\jpn\d
=FMT  \\$a  BK
=035  \\$a(OCoLC)610466681
=040  \\$aOCLCE$beng$cOCLCE$dOCLCQ$dCUS$dOCLCO$dOCLCQ$dOCLCF$dYUS$dOCLCO$dYUS$dOCLCO$dOCLCQ$dYUS$dOCLCO$dUk$epn
=042  \\$adlr
=050  \4$aN7359.S45$bA35 1977 <Asian Japan>
=100  1\$6880-01$aShiba, Kōkan,$d1738?-1818
=245  10$6880-02$aKunmō gakaishū ;$bMugon Dōjin hikki /$cShiba Kōkan ; Sugano Yō kōchū.
=246  3\$6880-03$aKunmō gakaishū ; Mugon Dōjin hikki
=250  \\$6880-04$aShohan.
=260  \\$6880-05$aTōkyō :$bHeibonsha,$cShōwa 52 [1977]
=300  \\$a1 online resource (329 pages) :$billustrations.
=336  \\$atext$btxt$2rdacontent
=337  \\$acomputer$bc$2rdamedia
=338  \\$aonline resource$bcr$2rdacarrier
=490  1\$6880-06$aTōyō bunko ;$v309
=588  0\$aPrint version record.
=600  10$6880-07$aShiba, Kōkan,$d1738?-1818
=600  17$aShiba, Kōkan,$d1738?-1818$2fast$0(OCoLC)fst00121013
=700  1\$6880-08$aSugano, Yō,$d1919-1995
=700  12$6880-09.$aShiba, Kōkan,$d1738?-1818$tMugon Dōjin hikki.
=740  02$6880-10$aMugon Dōjin hikki.
=773  0\$tJapanKnowledge
=776  08$iPrint version:$aShiba, Kōkan, 1738?-1818.$tKunmō gakaishū.$dTōkyō : Heibonsha, Shōwa 52 [1977]
=830  \0$6880-11$aTōyō bunko$v309.
=856  40$3JapanKnowledge$uhttp://japanknowledge.com/lib/display/?lid=80010V0309P0002$yJapanKnowledge Lib
=880  1\$6100-01/{dollar}1$a司馬江漢,$d1738?-1818.
=880  10$6245-02/{dollar}1$a訓蒙画解集 ;$b無言道人筆記 /$c司馬江漢 ; 菅野陽校注.
=880  3\$6246-03/{dollar}1$a訓蒙画解集 ; 無言道人筆記
=880  \\$6250-04/{dollar}1$a初版.
=880  \\$6260-05/{dollar}1$a東京 :$b平凡社,$c昭和 52 [1977]
=880  1\$6490-06/{dollar}1$a東洋文庫 ;$v309
=880  14$6600-07/{dollar}1$a司馬江漢,$d1738?-1818.
=880  1\$6700-08/{dollar}1$a菅野陽,$d1919-1995.
=880  12$6700-09/{dollar}1$a司馬江漢,$d1738?-1818.$t無言道人筆記.
=880  02$6740-10/{dollar}1$a無言道人筆記.
=880  \0$6830-11/{dollar}1$a東洋文庫 ;$v309.
=859  \\$aORR$bJapanKnowledge
=CAT  \\$aW1704-1242$b00$c20170509$lBLL01$h0927
=CAT  \\$aBATCH-UPD$b00$c20170509$lBLL01$h0933
=CAT  \\$aBATCH-UPD$b00$c20170509$lBLL01$h0939
=CAT  \\$aW2003-0365$c20200305$lBLL01$h1101
=FIN  \\$aY$d20170509
=SID  \\$aZ30$bOCLC
=SRC  \\$aJapanKnowledge_2017$bJK_OCLC20170203.mrc
=LAS  \\$aW2003-0365$b00$c20200305$lBLL01$h1101

