=LDR  02541 am a22006614i 4500
=001  018338083
=003  Uk
=005  20170106042959.0
=006  m\\\\\o\\d\\\\\\\\
=007  cr\|||||||||||
=008  151113s1980\\\\ja\\\\\\ob\\\\000\0\jpn\d
=FMT  \\$a  BK
=020  \\$z4560056366
=020  \\$z9784560056363
=035  \\$a(OCoLC)929029016
=040  \\$aWTU$beng$cYUS$dOCLCO$dYUS$dOCLCO$dOCLCF$dOCL$dUk$erda$epn
=041  1\$ajpn$hfre
=100  1\$aBec, Christian,$eauthor.
=240  10$aLe Siècle des Médicis.$lJapanese
=245  10$6880-01$aMejichi-ke no seiki /$cKurisuchan Bekku cho ; Nishimoto Kōji yaku.
=264  \1$6880-02$aTōkyō :$bHakusuisha,$c1980.
=300  \\$a1 online resource.
=336  \\$atext$btxt$2rdacontent
=337  \\$acomputer$bc$2rdamedia
=338  \\$aonline resource$bcr$2rdacarrier
=490  1\$6880-03$aBunko kuseju ;$v636
=504  \\$aIncludes bibliographical references.
=588  \\$aDescription based on print version.
=600  30$aMedici, House of.
=600  37$aMedici, House of.$2fast$0(OCoLC)fst00212417
=648  \7$a1268-1559$2fast
=650  \0$aHumanism.
=650  \7$aCivilization.$2fast$0(OCoLC)fst00862898
=650  \7$aHumanism.$2fast$0(OCoLC)fst00963520
=651  \0$aFlorence (Italy)$xCivilization.
=651  \0$aItaly$xCivilization$y1268-1559.
=651  \7$aItaly.$2fast$0(OCoLC)fst01204565
=651  \7$aItaly$zFlorence.$2fast$0(OCoLC)fst01204699
=700  1\$6880-04,$aNishimoto, Kōji,$d1934-$etranslator.
=700  1\$iTranslation of:$aBec, Christian.$tLe Siècle des Médicis.
=773  0\$tJapanKnowledge
=776  08$iPrint version:$tMedicike no seiki
=830  \0$6880-05$aBunko kuseju$v636.
=856  40$3JapanKnowledge$uhttp://japanknowledge.com/lib/display/?lid=8021006360000$yJapanKnowledge Lib
=880  10$6245-01/{dollar}1$aメジチ家の世紀 /$cクリスチャン・ベック著 ; 西本晃二訳.
=880  \1$6264-02/{dollar}1$a東京 :$b白水社,$c1980.
=880  1\$6490-03/{dollar}1$a文庫クセジュ ;$v636
=880  1\$6700-04/{dollar}1$a西本晃二,$d1934-$etranslator.
=880  \0$6830-05/{dollar}1$a文庫クセジュ ;$v636.
=859  \\$aORR$bJapanKnowledge
=CAT  \\$aW1704-1242$b00$c20170509$lBLL01$h0927
=CAT  \\$aBATCH-UPD$b00$c20170509$lBLL01$h0933
=CAT  \\$aBATCH-UPD$b00$c20170509$lBLL01$h0939
=CAT  \\$aW2003-0365$c20200305$lBLL01$h1101
=FIN  \\$aY$d20170509
=SID  \\$aZ30$bOCLC
=SRC  \\$aJapanKnowledge_2017$bJK_OCLC20170203.mrc
=LAS  \\$aW2003-0365$b00$c20200305$lBLL01$h1101

