=LDR  03180 am a22006737a 4500
=001  018338084
=003  Uk
=005  20170106043000.0
=006  m\\\\\o\\d\\\\\\\\
=008  100420m19701975ja\a\\\\o\\\\\000\0\jpn\d
=FMT  \\$a  BK
=019  \\$a298985193$a608380997
=035  \\$a(OCoLC)608380996$z(OCoLC)298985193$z(OCoLC)608380997
=040  \\$aOCLCE$beng$cOCLCE$dOCLCQ$dCUS$dOCLCQ$dOCLCO$dOCLCQ$dOCLCF$dOCLCO$dOCL$dYUS$dCUS$dOCLCO$dOCL$dOCLCQ$dOCLCO$dYUS$dOCLCO$dUk$epn
=042  \\$adlr
=043  \\$aa-io---$aa-ja---$aae-----
=050  \4$aDS613$b.D326
=130  0\$aDagh-register gehouden int Casteel Batavia vant passerende daer ter plaetse als over geheel Nederlandts-India.$kSelections.$lJapanese.
=245  00$6880-01$aBatabia-jō nisshi /$cMurakami Naojirō yakuchū.
=260  \\$6880-02$aTōkyō :$bHeibonsha,$cShōwa 45-50 [1970-1975]
=300  \\$a1 online resource (3 volumes) :$billustrations.
=336  \\$atext$btxt$2rdacontent
=337  \\$acomputer$bc$2rdamedia
=338  \\$aonline resource$bcr$2rdacarrier
=490  1\$6880-03$aTōyō bunko ;$v170, 205, 271
=588  0\$aPrint version record.
=648  \7$a1478-1798$2fast
=650  \7$aCommerce.$2fast$0(OCoLC)fst00869279
=650  \7$aInternational relations.$2fast$0(OCoLC)fst00977053
=651  \0$aIndonesia$xHistory$y1478-1798$vSources.
=651  \0$aJapan$xRelations.
=651  \0$aEast Asia$xCommerce.
=651  \7$aEast Asia.$2fast$0(OCoLC)fst01243628
=651  \7$aIndonesia.$2fast$0(OCoLC)fst01209242
=651  \7$aJapan.$2fast$0(OCoLC)fst01204082
=655  \7$aHistory$2fast$0(OCoLC)fst01411628
=655  \7$aSources.$2fast$0(OCoLC)fst01423900
=700  1\$6880-04$aMurakami, Naojirō,$d1868-1966
=710  1\$aNetherlands.$bMinisterie van Zaken Overzee.
=710  2\$aLembaga Kebudajaan Indonesia.
=773  0\$tJapanKnowledge
=776  08$iPrint version:$aDagh-register gehouden int Casteel Batavia vant passerende daer ter plaetse als over geheel Nederlandts-India. Japanese. Selections.$tBatabia-jō nisshi.$dTōkyō : Heibonsha, Shōwa 45-50 [1970-1975]
=830  \0$6880-05$aTōyō bunko$v170, 205, 271.
=856  40$3JapanKnowledge Volume 1$uhttp://japanknowledge.com/lib/display/?lid=80010V0170P0002$yJapanKnowledge Lib
=856  40$3JapanKnowledge Volume 2$uhttp://japanknowledge.com/lib/display/?lid=80010V0205P0002$yJapanKnowledge Lib
=856  40$3JapanKnowledge Volume 3$uhttp://japanknowledge.com/lib/display/?lid=80010V0271P0002$yJapanKnowledge Lib
=880  00$6245-01/{dollar}1$aバタヴィア城日誌 /$c村上直次郎訳注.
=880  \\$6260-02/{dollar}1$a東京 :$b平凡社,$c昭和45-50 [1970-1975]
=880  1\$6490-03/{dollar}1$a東洋文庫 ;$v170, 205, 271
=880  1\$6700-04/{dollar}1$a村上直次郎,$d1868-1966.
=880  \0$6830-05/{dollar}1$a東洋文庫 ;$v170, 205, 271.
=859  \\$aORR$bJapanKnowledge
=CAT  \\$aW1704-1242$b00$c20170509$lBLL01$h0927
=CAT  \\$aBATCH-UPD$b00$c20170509$lBLL01$h0933
=CAT  \\$aW2003-0365$c20200305$lBLL01$h1101
=FIN  \\$aY$d20170509
=SID  \\$aZ30$bOCLC
=SRC  \\$aJapanKnowledge_2017$bJK_OCLC20170203.mrc
=LAS  \\$aW2003-0365$b00$c20200305$lBLL01$h1101

