=LDR  02860 am a2200685   4500
=001  018338085
=003  Uk
=005  20170106043000.0
=006  m\\\\\o\\d\\\\\\\\
=007  cr\un|||||||||
=008  120131s1969\\\\ja\\\\\\ob\\\\000\0\jpn\\
=FMT  \\$a  BK
=019  \\$a556232988
=035  \\$a(OCoLC)774620875$z(OCoLC)556232988
=040  \\$aCUS$beng$cCUS$dOCLCO$dOCLCQ$dOCLCF$dYUS$dOCLCO$dOCLCQ$dOCLCE$dYUS$dOCLCO$dOCLCQ$dYUS$dOCLCO$dUk$epn
=041  1\$ajpn$hchi
=042  \\$adlr
=043  \\$aa-cc---
=050  \4$aDS721$b.A45
=100  1\$6880-01$aAkita, Shigeaki,$d1910-
=245  10$6880-02$aChūgoku shakai fūzokushi ;$cShō Heiwa cho; Akita Shigeaki hen'yaku.
=250  \\$6880-03$aShohan.
=260  \\$6880-04$aTōkyō,$bHeibonsha,$cShōwa 44 (1969)
=300  \\$a1 online resource (384 pages).
=336  \\$atext$btxt$2rdacontent
=337  \\$acomputer$bc$2rdamedia
=338  \\$aonline resource$bcr$2rdacarrier
=490  1\$6880-05$aTōyō bunko ;$v151
=500  \\$6880-06$aBased on Shang Binghe's Li tai she hui zhuang kuang shi.
=504  \\$aIncludes bibliographical references.
=588  0\$aPrint version record.
=650  \7$aManners and customs.$2fast$0(OCoLC)fst01007815
=651  \0$aChina$xSocial life and customs.
=651  \7$aChina.$2fast$0(OCoLC)fst01206073
=653  \\$6880-07$aChūgoku$aFūzokushūkan$aRekishi.
=700  1\$6880-08.$aShang, Binghe,$d1870-1950$tLi tai she hui zhuang kuang shi.$lJapanese.$f1969.
=740  02$6880-09$aLi tai she hui zhuang kuang shi.
=773  0\$tJapanKnowledge
=776  08$iPrint version:$aAkita, Shigeaki, 1910-$tChūgoku shakai fūzokushi.$dTōkyō, Heibonsha, Shōwa 44 (1969)
=830  \0$6880-10$aTōyō bunko$v151.
=856  40$3JapanKnowledge$uhttp://japanknowledge.com/lib/display/?lid=80010V0151P0002$yJapanKnowledge Lib
=880  1\$6100-01/{dollar}1$a秋田成明,$d1910-
=880  10$6245-02/{dollar}1$a中国社会風俗史 ;$c尚秉和著; 秋田成明編訳.
=880  \\$6250-03/{dollar}1$a初版.
=880  \\$6260-04/{dollar}1$a東京,$b平凡社,$c昭和44 (1969)
=880  1\$6490-05/{dollar}1$a東洋文庫;$v151
=880  \\$6500-06/{dollar}1$aBased on 尚秉和's 歷代社會狀况史.
=880  \\$6653-07/{dollar}1$a中国$a風俗・習慣$a歴史.
=880  1\$6700-08/{dollar}1$a尚秉和,$d1870-1950.$t歷代社會狀况史.$lJapanese.$f1969.
=880  02$6740-09/{dollar}1$a歴代社会風俗事物考.
=880  \0$6830-10/{dollar}1$a東洋文庫 ;$v151.
=859  \\$aORR$bJapanKnowledge
=CAT  \\$aW1704-1242$b00$c20170509$lBLL01$h0927
=CAT  \\$aBATCH-UPD$b00$c20170509$lBLL01$h0933
=CAT  \\$aBATCH-UPD$b00$c20170509$lBLL01$h0939
=CAT  \\$aW2003-0365$c20200305$lBLL01$h1101
=FIN  \\$aY$d20170509
=SID  \\$aZ30$bOCLC
=SRC  \\$aJapanKnowledge_2017$bJK_OCLC20170203.mrc
=LAS  \\$aW2003-0365$b00$c20200305$lBLL01$h1101

