=LDR  02095 am a22005654i 4500
=001  018338086
=003  Uk
=005  20170106043000.0
=006  m\\\\\o\\d\\\\\\\\
=007  cr\|||||||||||
=008  151113s2002\\\\ja\\\\\\o\\\\\001\0\jpn\d
=FMT  \\$a  BK
=020  \\$z4560058490
=020  \\$z9784560058497
=035  \\$a(OCoLC)929031181
=040  \\$aCNEAL$beng$cYUS$dOCLCO$dYUS$dOCLCO$dOCLCF$dUk$erda$epn
=041  1\$ajpn$hfre
=050  \4$aAM5$b.B46165 2002
=100  1\$aBenoist, Luc,$d1893-1980,$eauthor.
=240  10$aMušes et mušologie.$lJapanese
=245  10$6880-01$aHakubutsukangaku e no shotai /$cRyukku Bunowa cho ; Mizushima Eiji yaku.
=264  \1$6880-02$aTokyo :$bHakusuisha,$c2002.
=300  \\$a1 online resource.
=336  \\$atext$btxt$2rdacontent
=337  \\$acomputer$bc$2rdamedia
=338  \\$aonline resource$bcr$2rdacarrier
=490  1\$6880-03$aBunko kuseju ;$v849
=500  \\$aTranslation of: Mušes et mušologie.
=588  \\$aDescription based on print version.
=650  \0$aMuseums.
=650  \7$aMuseums.$2fast$0(OCoLC)fst01030128
=700  1\$6880-04$aMizushima, Eiji,$d1956-
=773  0\$tJapanKnowledge
=776  08$iPrint version:$tHakubutsukangaku eno shotai
=830  \0$6880-05$aBunko kuseju$v849.
=856  40$3JapanKnowledge$uhttp://japanknowledge.com/lib/display/?lid=8021008490000$yJapanKnowledge Lib
=880  10$6245-01/{dollar}1$a博物館学への招待 /$cリュック・ブノワ著 ; 水嶋英治訳.
=880  \1$6264-02/{dollar}1$a東京 :$b白水社,$c2002.
=880  1\$6490-03/{dollar}1$a文庫クセジュ ;$v849
=880  1\$6700-04/{dollar}1$a水嶋英治,$d1956-
=880  \0$6830-05/{dollar}1$a文庫クセジュ ;$v849.
=859  \\$aORR$bJapanKnowledge
=CAT  \\$aW1704-1242$b00$c20170509$lBLL01$h0927
=CAT  \\$aBATCH-UPD$b00$c20170509$lBLL01$h0933
=CAT  \\$aBATCH-UPD$b00$c20170509$lBLL01$h0939
=CAT  \\$aW2003-0365$c20200305$lBLL01$h1101
=FIN  \\$aY$d20170509
=SID  \\$aZ30$bOCLC
=SRC  \\$aJapanKnowledge_2017$bJK_OCLC20170203.mrc
=LAS  \\$aW2003-0365$b00$c20200305$lBLL01$h1101

