=LDR  02237 am a22005654i 4500
=001  018338087
=003  Uk
=005  20170106043000.0
=006  m\\\\\o\\d\\\\\\\\
=007  cr\|||||||||||
=008  151113s1971\\\\ja\\\\\\ob\\\\000\0\jpn\d
=FMT  \\$a  BK
=035  \\$a(OCoLC)929028892
=040  \\$aWTU$beng$cYUS$dOCLCO$dYUS$dOCLCO$dOCLCF$dUk$erda$epn
=041  1\$ajpn$hfre
=100  1\$aLacroix, Jean,$d1900-1986,$eauthor.
=240  10$aKant et le kantisme.$lJapanese
=245  10$6880-01$aKanto tetsugaku /$cJan Rakurowa cho ; Kida Gen, Watanabe Shōzō kyōyaku.
=264  \1$6880-02$aTōkyō :$bHakusuisha,$c1971.
=300  \\$a1 online resource.
=336  \\$atext$btxt$2rdacontent
=337  \\$acomputer$bc$2rdamedia
=338  \\$aonline resource$bcr$2rdacarrier
=490  1\$6880-03$aBunko kuseju ;$v499
=504  \\$aIncludes bibliographical references.
=588  \\$aDescription based on print version.
=600  10$aKant, Immanuel,$d1724-1804.
=600  17$aKant, Immanuel,$d1724-1804$2fast$0(OCoLC)fst00031763
=700  1\$6880-04,$aKida, Gen,$d1928-2014$etranslator.
=700  1\$6880-05$aWatanabe, Shōzō,$etranslator.
=700  1\$iTranslation of:$aLacroix, Jean,$d1900-1986.$tKant et le kantisme.
=773  0\$tJapanKnowledge
=776  08$iPrint version:$tKant tetugaku
=830  \0$6880-06$aBunko kuseju$v499.
=856  40$3JapanKnowledge$uhttp://japanknowledge.com/lib/display/?lid=8021004990000$yJapanKnowledge Lib
=880  10$6245-01$aカント哲学 /$cジャン・ラクロワ著 ; 木田元, 渡辺昭造共訳.
=880  \1$6264-02$a東京 :$b白水社,$c1971.
=880  1\$6490-03$a文庫クセジュ ;$v499
=880  1\$6700-04$a木田元,$d1928-2014,$etranslator.
=880  1\$6700-05$a渡辺昭造,$etranslator.
=880  \0$6830-06$a文庫クセジュ ;$v499.
=859  \\$aORR$bJapanKnowledge
=CAT  \\$aW1704-1242$b00$c20170509$lBLL01$h0927
=CAT  \\$aBATCH-UPD$b00$c20170509$lBLL01$h0933
=CAT  \\$aBATCH-UPD$b00$c20170509$lBLL01$h0939
=CAT  \\$aW2003-0365$c20200305$lBLL01$h1101
=FIN  \\$aY$d20170509
=SID  \\$aZ30$bOCLC
=SRC  \\$aJapanKnowledge_2017$bJK_OCLC20170203.mrc
=LAS  \\$aW2003-0365$b00$c20200305$lBLL01$h1101

