=LDR  02618 am a22006134i 4500
=001  018338088
=003  Uk
=005  20170106043001.0
=006  m\\\\\o\\d\\\\\\\\
=007  cr\|||||||||||
=008  151113s1964\\\\ja\\\\\\ob\\\\000\0\jpn\d
=FMT  \\$a  BK
=035  \\$a(OCoLC)929031197
=040  \\$aCNEAL$beng$cYUS$dOCLCO$dYUS$dOCLCO$dUk$erda$epn
=041  1\$ajpn$hfre
=050  \4$aPR2896$b.A9167 1964
=100  1\$aAxelrad, A. José$q(Albert José),$d1925-$eauthor.
=245  10$6880-01$aSheikusupia to Erizabesu chōengeki /$cJose Akuserura, Mishēru Uiremu kyōcho ; Ozu Jirō, Takei Naoe kyōyaku.
=264  \1$6880-02$aTōkyō :$bHakusuisha,$c1964.
=300  \\$a1 online resource.
=336  \\$atext$btxt$2rdacontent
=337  \\$acomputer$bc$2rdamedia
=338  \\$aonline resource$bcr$2rdacarrier
=490  1\$6880-03$aBunko kuseju ;$v373
=504  \\$aIncludes bibliographical references.
=588  \\$aDescription based on print version.
=600  10$aShakespeare, William,$d1564-1616.
=600  17$aShakespeare, William,$d1564-1616$2fast$0(OCoLC)fst00029048
=600  10$aShakespeare, William,$d1564-1616$xContemporaries.
=600  10$aShakespeare, William,$d1564-1616$xCriticism and interpretation.
=650  \0$aEnglish drama$yEarly modern and Elizabethan, 1500-1600$xHistory and criticism.
=700  1\$6880-04$aOzu, Jirō,$d1920-
=700  1\$6880-05$aTakei, Naoe,$d1934-
=700  1\$aWillems, Michèle.
=730  0\$aShakespeare et le théatre élizabéthain.
=773  0\$tJapanKnowledge
=776  08$iPrint version:$tSheikusupia to erizabesu chō engeki
=830  \0$6880-06$aBunko kuseju$v373.
=856  40$3JapanKnowledge$uhttp://japanknowledge.com/lib/display/?lid=8021003730000$yJapanKnowledge Lib
=880  10$6245-01/{dollar}1$aシェイクスピアとエリザベス朝演劇 /$cジョゼ・アクセルラ, ミシェール・ウィレム共著 ; 小津次郎, 武井ナヲエ共訳.
=880  \1$6264-02/{dollar}1$a東京 :$b白水社,$c1964.
=880  1\$6490-03/{dollar}1$a文庫クセジュ ;$v373
=880  1\$6700-04/{dollar}1$a小津次郎,$d1920-
=880  1\$6700-05/{dollar}1$a武井ナヲエ,$d1934-
=880  \0$6830-06/{dollar}1$a文庫クセジュ ;$v373.
=859  \\$aORR$bJapanKnowledge
=CAT  \\$aW1704-1242$b00$c20170509$lBLL01$h0927
=CAT  \\$aBATCH-UPD$b00$c20170509$lBLL01$h0933
=CAT  \\$aBATCH-UPD$b00$c20170509$lBLL01$h0939
=CAT  \\$aW2003-0365$c20200305$lBLL01$h1101
=FIN  \\$aY$d20170509
=SID  \\$aZ30$bOCLC
=SRC  \\$aJapanKnowledge_2017$bJK_OCLC20170203.mrc
=LAS  \\$aW2003-0365$b00$c20200305$lBLL01$h1101

