=LDR  03456 am a22008537a 4500
=001  018338089
=003  Uk
=005  20170106043001.0
=006  m\\\\\o\\d\\\\\\\\
=007  cr\|||||||||||
=008  111006s2001\\\\ja\a\\\\o\\\\\000\0cjpn\d
=FMT  \\$a  BK
=020  \\$z4582806864$q(v. 1)
=020  \\$z4582806880$q(v. 2)
=020  \\$z4582806899$q(v. 3)
=020  \\$z9784582806861$q(v. 1)
=020  \\$z9784582806885$q(v. 2)
=020  \\$z9784582806892$q(v. 3)
=035  \\$a(OCoLC)756049232
=040  \\$aOCLCE$beng$cOCLCE$dCUS$dOCLCQ$dOCLCA$dOCLCQ$dOCLCF$dOCLCQ$dOCLCO$dYUS$dOCLCO$dYUS$dOCLCQ$dYUS$dOCLCO$dUk$epn
=041  1\$ajpn$hchi
=042  \\$adlr
=043  \\$aa-cc---
=050  \4$aDS725$b.L5816 2001
=084  \\$a282.2$2njb/9
=100  1\$6880-01$aLiu, Xiang,$d77 B.C.-6 B.C.
=240  10$6880-02$aLie nü zhuan.$lJapanese
=245  10$6880-03$aRetsujoden /$cRyū Kō ; Nakajima Midori yakuchū.
=250  \\$6880-04$aShohan.
=260  \\$6880-05$aTōkyō :$bHeibonsha,$c2001.
=300  \\$a1 online resource (3 volumes) :$billustrations.
=336  \\$atext$btxt$2rdacontent
=337  \\$acomputer$bc$2rdamedia
=338  \\$aonline resource$bcr$2rdacarrier
=490  1\$6880-06$aTōyō bunko ;$v686, 688-689
=588  0\$aPrint version record.
=650  \0$aWomen$zChina$vBiography.
=650  \7$6880-07$aDenki$xChugoku.$2jlabsh
=650  \7$6880-08$aFujin$xDenki.$2jlabsh
=650  \7$aManners and customs.$2fast$0(OCoLC)fst01007815
=650  \7$aWomen.$2fast$0(OCoLC)fst01176568
=650  07$6880-09$aDenki-Chūgoku.$2jlabsh/3
=650  07$6880-10$aFujin-Denki.$2jlabsh/3
=651  \0$aChina$xSocial life and customs.
=651  \7$aChina.$2fast$0(OCoLC)fst01206073
=655  \7$aBiography.$2fast$0(OCoLC)fst01423686
=700  1\$6880-11$aNakajima, Midori,$d1939-
=773  0\$tJapanKnowledge
=776  08$iPrint version:$aLiu, Xiang, 77?-6? B.C.$sLie nü zhuan. Japanese.$tRetsujoden.$bShohan.$dTōkyō : Heibonsha, 2001$z4582806864
=830  \0$6880-12$aTōyō bunko$v686, 688-689.
=856  40$3JapanKnowledge Volume 1$uhttp://japanknowledge.com/lib/display/?lid=80010V0686P0002$yJapanKnowledge Lib
=856  40$3JapanKnowledge Volume 2$uhttp://japanknowledge.com/lib/display/?lid=80010V0688P0002$yJapanKnowledge Lib
=856  40$3JapanKnowledge Volume 3$uhttp://japanknowledge.com/lib/display/?lid=80010V0689P0002$yJapanKnowledge Lib
=880  1\$6100-01/{dollar}1$a劉向,$d77?-6? B.C.
=880  10$6240-02/{dollar}1$a列女伝.$lJapanese
=880  10$6245-03/{dollar}1$a列女伝 /$c劉向 ; 中島みどり訳注.
=880  \\$6250-04/{dollar}1$a初版.
=880  \\$6260-05/{dollar}1$a東京 :$b平凡社,$c2001.
=880  1\$6490-06/{dollar}1$a東洋文庫 ;$v686, 688-689
=880  \7$6650-07/{dollar}1$a伝記$x中国.$2jlabsh
=880  \7$6650-08/{dollar}1$a婦人$x伝記.$2jlabsh
=880  07$6650-09/{dollar}1$a伝記-中国.$2jlabsh/3
=880  07$6650-10/{dollar}1$a婦人-伝記.$2jlabsh/3
=880  1\$6700-11/{dollar}1$a中島みどり,$d1939-
=880  \0$6830-12/{dollar}1$a東洋文庫 ;$v686, 688-689.
=859  \\$aORR$bJapanKnowledge
=CAT  \\$aW1704-1242$b00$c20170509$lBLL01$h0927
=CAT  \\$aBATCH-UPD$b00$c20170509$lBLL01$h0933
=CAT  \\$aBATCH-UPD$b00$c20170509$lBLL01$h0939
=CAT  \\$aW2003-0365$c20200305$lBLL01$h1101
=FIN  \\$aY$d20170509
=SID  \\$aZ30$bOCLC
=SRC  \\$aJapanKnowledge_2017$bJK_OCLC20170203.mrc
=LAS  \\$aW2003-0365$b00$c20200305$lBLL01$h1101

