=LDR  03699 am a22007814i 4500
=001  018338090
=003  Uk
=005  20170106043002.0
=006  m\\\\\o\\d\\\\\\\\
=007  cr\|||||||||||
=008  151112s1994\\\\ja\ab\\\ob\\\\000\0cjpn\d
=FMT  \\$a  BK
=020  \\$z4096580260
=020  \\$z9784096580264
=035  \\$a(OCoLC)928950201
=040  \\$aYUS$beng$cYUS$dOCLCO$dYUS$dOCL$dYUS$dOCLCO$dUk$erda$epn
=043  \\$aa-ja---
=050  \4$aPL788.2.Z5$bA3 1994
=100  0\$6880-01,$aIzumi Shikibu,$d974?-$eauthor.
=245  10$6880-02$aIzumi Shikibu nikki /$c[Izumi Shikibu]. Murasaki Shikibu nikki / [Murasaki Shikibu]. Sarashina nikki / [Sugawara no Takasue no Musume]. Sanuki no Suke no nikki / [Sanuki no Suke] ; kōchū, yaku Fujioka Tadaharu [and others].
=264  \1$6880-03$aTōkyō :$bShōgakkan,$c1994.
=300  \\$a1 online resource.
=336  \\$atext$btxt$2rdacontent
=337  \\$acomputer$bc$2rdamedia
=338  \\$aonline resource$bcr$2rdacarrier
=490  1\$6880-04$aShinpen Nihon koten bungaku zenshū ;$v26
=504  \\$aIncludes bibliographical references.
=588  \\$aDescription based on print version.
=648  \7$a794 - 1185$2fast
=650  \0$aJapanese diaries$yHeian period, 794-1185.
=650  \0$aWomen authors, Japanese$yHeian period, 794-1185$vDiaries.
=650  \7$aWomen authors, Japanese$2fast$0(OCoLC)fst01177292
=650  \7$aJapanese diaries$xHeian period.$2fast$0(OCoLC)fst01711073
=650  \7$aWomen authors, Japanese$xHeian period.$2fast$0(OCoLC)fst01711157
=655  \7$aDiaries.$2fast$0(OCoLC)fst01423794
=700  02$aMurasaki Shikibu,$d978?-$tMurasaki Shikibu nikki.
=700  02$aSanuki no Suke,$dapproximately 1079-$tSanuki no Suke no nikki.
=700  02$aSugawara no Takasue no Musume,$d1008-$tSarashina nikki.
=700  1\$6880-05$aFujioka, Tadaharu,$d1926-
=740  02$6880-06$aMurasaki Shikibu nikki.
=740  02$6880-07$aSarashina nikki.
=740  02$6880-08$aSanuki no Suke no nikki.
=773  0\$tJapanKnowledge
=776  08$iPrint version:$tIzumi Shikibu nikki
=830  \0$6880-09$aShinpen Nihon koten bungaku zenshū$v26.
=856  40$3JapanKnowledge Volume 4$uhttp://japanknowledge.com/lib/display/?lid=80110V00260385$yJapanKnowledge Lib
=856  40$3JapanKnowledge Volume 1$uhttp://japanknowledge.com/lib/display/?lid=80110V00260011$yJapanKnowledge Lib
=856  40$3JapanKnowledge Volume 2$uhttp://japanknowledge.com/lib/display/?lid=80110V00260115$yJapanKnowledge Lib
=856  40$3JapanKnowledge Volume 3$uhttp://japanknowledge.com/lib/display/?lid=80110V00260273$yJapanKnowledge Lib
=880  0\$6100-01/{dollar}1$a和泉式部,$d974?-$eauthor
=880  10$6245-02/{dollar}1$a和泉式部日記 /$c[和泉式部]. 紫式部日記 / [紫式部]. 更級日記 / [菅原孝標女]. 讃岐典侍日記 / [讃岐典侍] ; 校注・訳藤岡忠美 [and others].
=880  \1$6264-03/{dollar}1$a東京 :$b小学館,$c1994.
=880  1\$6490-04/{dollar}1$a新編日本古典文学全集 ;$v26
=880  1\$6700-05/{dollar}1$a藤岡忠美,$d1926-
=880  02$6740-06/{dollar}1$a紫式部日記.
=880  02$6740-07/{dollar}1$a更級日記.
=880  02$6740-08/{dollar}1$a讃岐典侍日記.
=880  \0$6830-09/{dollar}1$a新編日本古典文学全集 ;$v26.
=859  \\$aORR$bJapanKnowledge
=CAT  \\$aW1704-1242$b00$c20170509$lBLL01$h0927
=CAT  \\$aBATCH-UPD$b00$c20170509$lBLL01$h0933
=CAT  \\$aBATCH-UPD$b00$c20170509$lBLL01$h0939
=CAT  \\$aW2003-0365$c20200305$lBLL01$h1101
=CAT  \\$aBATCH-UPD$b00$c20200918$lBLL01$h2045
=FIN  \\$aY$d20170509
=SID  \\$aZ30$bOCLC
=SRC  \\$aJapanKnowledge_2017$bJK_OCLC20170203.mrc
=LAS  \\$aBATCH-UPD$b00$c20200918$lBLL01$h2045

