=LDR  02953 am a22006857a 4500
=001  018338091
=003  Uk
=005  20170106043002.0
=006  m\\\\\o\\d\\\\\\\\
=007  cr\|||||||||||
=008  100506s1966\\\\ja\abc\\ob\\\\000\0bjpn\d
=FMT  \\$a  BK
=019  \\$a297304182$a645424929
=035  \\$a(OCoLC)612221991$z(OCoLC)297304182$z(OCoLC)645424929
=040  \\$aOCLCE$beng$cOCLCE$dOCLCQ$dCUS$dOCLCF$dOCL$dYUS$dOCLCO$dYUS$dOCLCO$dOCL$dOCLCQ$dYUS$dOCLCO$dUk$epn
=042  \\$adlr
=043  \\$aa-ja---
=050  \4$aDS884.T62$bA3 1966
=100  1\$6880-01$aTokugawa, Yoshinobu,$d1837-1913
=245  10$6880-02$aSekimukai hikki :$bTokugawa Yoshinobu-kō kaisōdan /$cShibusawa Eiichi hen ; Ōkubo Toshiaki kōtei.
=250  \\$6880-03$aShohan.
=260  \\$6880-04$aTōkyō :$bHeibonsha,$cShōwa 41 [1966]$g(1976 printing)
=300  \\$a1 online resource (32, 362, 26 pages) :$billustrations, portraits.
=336  \\$atext$btxt$2rdacontent
=337  \\$acomputer$bc$2rdamedia
=338  \\$aonline resource$bcr$2rdacarrier
=490  1\$6880-05$aTōyō bunko ;$v76
=504  \\$aIncludes bibliographical references (pages 331-333).
=588  0\$aPrint version record.
=600  10$6880-06$aTokugawa, Yoshinobu,$d1837-1913
=600  17$aTokugawa, Yoshinobu,$d1837-1913$2fast$0(OCoLC)fst00091053
=648  \7$a1600-1870$2fast
=650  \7$aPolitics and government$2fast$0(OCoLC)fst01919741
=651  \0$aJapan$xHistory$yRestoration, 1853-1870.
=651  \0$aJapan$xPolitics and government$y1600-1868.
=651  \7$aJapan.$2fast$0(OCoLC)fst01204082
=655  \7$aHistory.$2fast$0(OCoLC)fst01411628
=700  1\$6880-07$aShibusawa, Eiichi,$d1840-1931
=700  1\$6880-08$aŌkubo, Toshiaki,$d1900-1995
=773  0\$tJapanKnowledge
=776  08$iPrint version:$aTokugawa, Yoshinobu, 1837-1913.$tSekimukai hikki.$bShohan.$dTōkyō : Heibonsha, Shōwa 41 [1966]
=830  \0$6880-09$aTōyō bunko$v76.
=856  40$3JapanKnowledge$uhttp://japanknowledge.com/lib/display/?lid=80010V0076P0002$yJapanKnowledge Lib
=880  1\$6100-01/{dollar}1$a徳川慶喜,$d1837-1913.
=880  10$6245-02/{dollar}1$a昔夢会筆記 :$b徳川慶喜公回想談 /$c渋沢栄一編 ; 大久保利謙校訂.
=880  \\$6250-03/{dollar}1$a初版.
=880  \\$6260-04/{dollar}1$a東京 :$b平凡社,$c昭和 41 [1966]$g(1976 printing)
=880  1\$6490-05/{dollar}1$a東洋文庫 ;$v76
=880  14$6600-06/{dollar}1$a德川慶喜,$d1837-1913.
=880  1\$6700-07/{dollar}1$a渋沢栄一,$d1840-1931.
=880  1\$6700-08/{dollar}1$a大久保利謙,$d1900-1995.
=880  \0$6830-09/{dollar}1$a東洋文庫 ;$v76.
=859  \\$aORR$bJapanKnowledge
=CAT  \\$aW1704-1242$b00$c20170509$lBLL01$h0927
=CAT  \\$aBATCH-UPD$b00$c20170509$lBLL01$h0933
=CAT  \\$aW2003-0365$c20200305$lBLL01$h1101
=FIN  \\$aY$d20170509
=SID  \\$aZ30$bOCLC
=SRC  \\$aJapanKnowledge_2017$bJK_OCLC20170203.mrc
=LAS  \\$aW2003-0365$b00$c20200305$lBLL01$h1101

