=LDR  03325 am a22008057a 4500
=001  018338092
=003  Uk
=005  20170106043002.0
=006  m\\\\\o\\d\\\\\\\\
=007  cr\|||||||||||
=008  101125s1980\\\\ja\\\\\\o\\\\\001\0cjpn\d
=FMT  \\$a  BK
=035  \\$a(OCoLC)684690206
=040  \\$aOCLCE$beng$cOCLCE$dOCLCQ$dCUS$dOCLCQ$dOCLCO$dOCLCF$dOCLCO$dYUS$dOCLCO$dYUS$dOCLCO$dOCLCQ$dYUS$dOCLCO$dUk$epn
=042  \\$adlr
=043  \\$aa-ja---
=050  \4$aR626.A1$bM37 1980 <Asian Japan>
=084  \\$a289.1$2njb/9
=245  00$6880-01$aMatsumoto Jun jiden, Nagayo Sensai jiden /$cOgawa Teizō, Sakai Shizu kōchū.
=250  \\$6880-02$aShohan.
=260  \\$6880-03$aTōkyō :$bHeibonsha,$c1980.
=300  \\$a1 online resource (iii, 222, iv pages).
=336  \\$atext$btxt$2rdacontent
=337  \\$acomputer$bc$2rdamedia
=338  \\$aonline resource$bcr$2rdacarrier
=490  1\$6880-04$aTōyō bunko ;$v386
=500  \\$aIncludes index.
=505  0\$6880-05$aRanchū jiden / Matsumoto Jun -- Shōkō shishi / Nagayo Sensai.
=588  0\$aPrint version record.
=600  10$6880-06$aMatsumoto, Jun,$d1832-1907
=600  10$6880-07$aNagayo, Sensai,$d1838-1902
=600  17$aMatsumoto, Jun,$d1832-1907$2fast$0(OCoLC)fst00052720
=600  17$aNagayo, Sensai,$d1838-1902$2fast$0(OCoLC)fst00079182
=650  \0$aPhysicians$zJapan$vBiography.
=650  \7$aPhysicians.$2fast$0(OCoLC)fst01062841
=651  \7$aJapan.$2fast$0(OCoLC)fst01204082
=655  \7$aBiography.$2fast$0(OCoLC)fst01423686
=700  1\$6880-08$aOgawa, Teizō,$d1901-
=700  1\$6880-09$aSakai, Shizu,$d1935-
=700  12$6880-10.$aMatsumoto, Jun,$d1832-1907$tRanchū jiden.
=700  12$6880-11.$aNagayo, Sensai,$d1838-1902$tShōkō shishi.
=740  02$6880-12$aRanchū jiden.
=740  02$6880-13$aShōkō shishi.
=773  0\$tJapanKnowledge
=776  08$iPrint version:$tMatsumoto Jun jiden, Nagayo Sensai jiden.$dTōkyō : Heibonsha, 1980
=830  \0$6880-14$aTōyō bunko$v386.
=856  40$3JapanKnowledge$uhttp://japanknowledge.com/lib/display/?lid=80010V0386P0002$yJapanKnowledge Lib
=880  00$6245-01/{dollar}1$a松本順自伝・長与専斎自伝 /$c小川鼎三, 酒井シヅ校注.
=880  \\$6250-02/{dollar}1$a初版.
=880  \\$6260-03/{dollar}1$a東京 :$b平凡社,$c1980.
=880  1\$6490-04/{dollar}1$a東洋文庫 ;$v386
=880  0\$6505-05/{dollar}1$a蘭疇自伝 / 松本順 -- 松香私志 / 長与専斎.
=880  14$6600-06/{dollar}1$a松本順,$d1832-1907.
=880  14$6600-07/{dollar}1$a長与専斎,$d1838-1902.
=880  1\$6700-08/{dollar}1$a小川鼎三,$d1901-
=880  1\$6700-09/{dollar}1$a酒井シヅ,$d1935-
=880  12$6700-10/{dollar}1$a松本順,$d1832-1907.$t蘭疇自伝.
=880  12$6700-11/{dollar}1$a長与専斎,$d1838-1902.$t松香私志.
=880  02$6740-12/{dollar}1$a蘭疇自伝.
=880  02$6740-13/{dollar}1$a松香私志.
=880  \0$6830-14/{dollar}1$a東洋文庫 ;$v386.
=859  \\$aORR$bJapanKnowledge
=CAT  \\$aW1704-1242$b00$c20170509$lBLL01$h0927
=CAT  \\$aBATCH-UPD$b00$c20170509$lBLL01$h0933
=CAT  \\$aBATCH-UPD$b00$c20170509$lBLL01$h0939
=CAT  \\$aW2003-0365$c20200305$lBLL01$h1101
=FIN  \\$aY$d20170509
=SID  \\$aZ30$bOCLC
=SRC  \\$aJapanKnowledge_2017$bJK_OCLC20170203.mrc
=LAS  \\$aW2003-0365$b00$c20200305$lBLL01$h1101

