=LDR  02469 am a22006134i 4500
=001  018338093
=003  Uk
=005  20170106043003.0
=006  m\\\\\o\\d\\\\\\\\
=007  cr\|||||||||||
=008  160115s2003\\\\ja\\\\\\ob\\\\000\0\jpn\d
=FMT  \\$a  BK
=020  \\$z4560058687
=020  \\$z9784560058688
=035  \\$a(OCoLC)934799145
=040  \\$aSTF$beng$cYUS$dOCLCO$dYUS$dOCLCO$dOCLCF$dUk$erda$epn
=041  1\$ajpn$hfre
=050  \4$aPA258$b.G8163 2003
=100  1\$aGuiraud, Charles,$eauthor.
=240  10$aGrammaire du grec.$lJapanese
=245  10$6880-01$aGirishia bunpō /$cSharuru Girō cho ; Arita Jun yaku.
=264  \1$6880-02$aTōkyō :$bHakusuisha,$c2003.
=300  \\$a1 online resource.
=336  \\$atext$btxt$2rdacontent
=337  \\$acomputer$bc$2rdamedia
=338  \\$aonline resource$bcr$2rdacarrier
=490  1\$6880-03$aBunko kuseju ;$v868
=500  \\$aTranslation of: Grammaire du grec.
=504  \\$aIncludes bibliographical references.
=588  \\$aDescription based on print version record.
=650  \7$6880-04$aGirishiago$xBunpo.$2jlabsh
=650  \0$aGreek language$xGrammar.
=650  \7$aGreek language$xGrammar.$2fast$0(OCoLC)fst00947212
=700  1\$6880-05$aArita, Jun,$d1922-$etranslator.
=730  0\$aGrammaire du grec.
=773  0\$tJapanKnowledge
=776  08$6880-06$iPrint version:$aGuiraud, Charles.$sGrammaire du grec. Japanese.$tGirishia bunpō.$dTōkyō : Hakusuisha, 2003
=830  \0$6880-07$aBunko kuseju$v868.
=856  40$3JapanKnowledge$uhttp://japanknowledge.com/lib/display/?lid=8021008680000$yJapanKnowledge Lib
=880  10$6245-01$aギリシア文法 /$cシャルル・ギロー著 ; 有田潤訳.
=880  \1$6264-02$a東京 :$b白水社,$c2003.
=880  1\$6490-03$a文庫クセジュ ;$v868
=880  \7$6650-04$aギリシア語$x文法.$2jlabsh
=880  1\$6700-05$a有田潤,$d1922-$etranslator.
=880  08$6776-06$iPrint version:$aGuiraud, Charles.$sGrammaire du grec. Japanese.$tギリシア文法.$d東京 : 白水社, 2003$w(OCoLC)54926730
=880  \0$6830-07$a文庫クセジュ ;$v868.
=859  \\$aORR$bJapanKnowledge
=CAT  \\$aW1704-1242$b00$c20170509$lBLL01$h0927
=CAT  \\$aBATCH-UPD$b00$c20170509$lBLL01$h0933
=CAT  \\$aW2003-0365$c20200305$lBLL01$h1101
=FIN  \\$aY$d20170509
=SID  \\$aZ30$bOCLC
=SRC  \\$aJapanKnowledge_2017$bJK_OCLC20170203.mrc
=LAS  \\$aW2003-0365$b00$c20200305$lBLL01$h1101

