=LDR  02105 am a22005534i 4500
=001  018338094
=003  Uk
=005  20170106043003.0
=006  m\\\\\o\\d\\\\\\\\
=007  cr\|||||||||||
=008  151214s1974\\\\ja\\\\\\o\\\\\000\0\jpn\d
=FMT  \\$a  BK
=035  \\$a(OCoLC)932129240
=040  \\$aCNEAL$beng$cYUS$dOCLCO$dUk$erda$epn
=041  1\$ajpn$hfre
=050  \4$aDS22$b.H36165 1974
=100  1\$aHambis, Louis,$eauthor.
=240  10$aGengis-Khan.$lJapanese
=245  10$6880-01$aJingisukan :$bseifukusha no shōgai /$crui Anbisu cho ; Yoshida Jun'ichi, Anzai Kazuo kyōyaku.
=264  \1$6880-02$aTōkyō :$bHakusuisha,$c1974.
=300  \\$a1 online resource.
=336  \\$atext$btxt$2rdacontent
=337  \\$acomputer$bc$2rdamedia
=338  \\$aonline resource$bcr$2rdacarrier
=490  1\$6880-03$aBunko kuseju ;$v557
=500  \\$aTranslation of: Gengis-Khan.
=588  \\$aDescription based on print version.
=600  00$aGenghis Khan,$d1162-1227.
=600  07$aGenghis Khan,$d1162-1227$2fast$0(OCoLC)fst00087611
=700  1\$6880-04$aYoshida, Jun'ichi,$d1940-
=700  1\$6880-05$aAnzai, Kazuo,$d1928-
=773  0\$tJapanKnowledge
=776  08$iPrint version:$tJingisukan.
=830  \0$6880-06$aBunko kuseju$v557.
=856  40$3JapanKnowledge$uhttp://japanknowledge.com/lib/display/?lid=8021005570000$yJapanKnowledge Lib
=880  10$6245-01/{dollar}1$aジンギスカン :$b征服者の生涯 /$cルイ・アンビス著 ; 吉田順一, 安斎和雄共訳.
=880  \1$6264-02/{dollar}1$a東京 :$b白水社,$c1974.
=880  1\$6490-03/{dollar}1$a文庫クセジュ ;$v557
=880  1\$6700-04/{dollar}1$a吉田順一,$d1940-
=880  1\$6700-05/{dollar}1$a安斎和雄,$d1928-
=880  \0$6830-06/{dollar}1$a文庫クセジュ ;$v557.
=859  \\$aORR$bJapanKnowledge
=CAT  \\$aW1704-1242$b00$c20170509$lBLL01$h0927
=CAT  \\$aBATCH-UPD$b00$c20170509$lBLL01$h0933
=CAT  \\$aW2003-0365$c20200305$lBLL01$h1101
=FIN  \\$aY$d20170509
=SID  \\$aZ30$bOCLC
=SRC  \\$aJapanKnowledge_2017$bJK_OCLC20170203.mrc
=LAS  \\$aW2003-0365$b00$c20200305$lBLL01$h1101

