=LDR  02788 am a22006857a 4500
=001  018338095
=003  Uk
=005  20170106043003.0
=006  m\\\\\o\\d\\\\\\\\
=007  cr\|||||||||||
=008  100420s1979\\\\ja\a\\\\ob\\\\000\0bjpn\d
=FMT  \\$a  BK
=019  \\$a300630723
=035  \\$a(OCoLC)608404267$z(OCoLC)300630723
=040  \\$aOCLCE$beng$cOCLCE$dOCLCQ$dOCLCA$dCUS$dOCLCQ$dOCLCF$dOCLCO$dYUS$dOCLCO$dYUS$dOCLCO$dOCLCQ$dYUS$dOCLCO$dUk$epn
=042  \\$adlr
=043  \\$aa-ja---
=050  \4$aGR20$b.M562 1979
=100  1\$6880-01$aMinakata, Kumagusu,$d1867-1941
=240  10$aWorks.$kSelections.$f1979
=245  10$6880-02$aMinakata Kumagusu bunshū /$cIwamura Shinobu hen.
=250  \\$6880-03$aShohan.
=260  \\$6880-04$aTōkyō :$bHeibonsha,$c1979.
=300  \\$a1 online resource (2 volumes) :$billustrations.
=336  \\$atext$btxt$2rdacontent
=337  \\$acomputer$bc$2rdamedia
=338  \\$aonline resource$bcr$2rdacarrier
=490  1\$6880-05$aTōyō bunko ;$v352, 354
=504  \\$aIncludes bibliographical references.
=588  0\$aPrint version record.
=600  10$6880-06$aMinakata, Kumagusu,$d1867-1941
=600  17$aMinakata, Kumagusu,$d1867-1941$2fast$0(OCoLC)fst00042785
=650  \0$aFolklore.
=650  \0$aFolklorists$zJapan$vBiography.
=650  \7$aFolklore.$2fast$0(OCoLC)fst00930306
=650  \7$aFolklorists.$2fast$0(OCoLC)fst00930376
=651  \7$aJapan.$2fast$0(OCoLC)fst01204082
=655  \7$aBiography.$2fast$0(OCoLC)fst01423686
=700  1\$6880-07$aIwamura, Shinobu,$d1905-1988
=773  0\$tJapanKnowledge
=776  08$iPrint version:$aMinakata, Kumagusu, 1867-1941.$sSelections. 1979.$tMinakata Kumagusu bunshū.$dTōkyō : Heibonsha, 1979
=830  \0$6880-08$aTōyō bunko$v352, 354.
=856  40$3JapanKnowledge Volume 1$uhttp://japanknowledge.com/lib/display/?lid=80010V0352P0002$yJapanKnowledge Lib
=856  40$3JapanKnowledge Volume 2$uhttp://japanknowledge.com/lib/display/?lid=80010V0354P0002$yJapanKnowledge Lib
=880  1\$6100-01/{dollar}1$a南方熊楠,$d1867-1941.
=880  10$6245-02/{dollar}1$a南方熊楠文集 /$c岩村忍編.
=880  \\$6250-03/{dollar}1$a初版.
=880  \\$6260-04/{dollar}1$a東京 :$b平凡社,$c1979.
=880  1\$6490-05/{dollar}1$a東洋文庫 ;$v352, 354
=880  14$6600-06/{dollar}1$a南方熊楠,$d1867-1941.
=880  1\$6700-07/{dollar}1$a岩村忍,$d1905-1988.
=880  \0$6830-08/{dollar}1$a東洋文庫 ;$v352, 354.
=859  \\$aORR$bJapanKnowledge
=CAT  \\$aW1704-1242$b00$c20170509$lBLL01$h0927
=CAT  \\$aBATCH-UPD$b00$c20170509$lBLL01$h0933
=CAT  \\$aW2003-0365$c20200305$lBLL01$h1101
=FIN  \\$aY$d20170509
=SID  \\$aZ30$bOCLC
=SRC  \\$aJapanKnowledge_2017$bJK_OCLC20170203.mrc
=LAS  \\$aW2003-0365$b00$c20200305$lBLL01$h1101

