=LDR  02435 am a22006017i 4500
=001  018338096
=003  Uk
=005  20170106043004.0
=006  m\\\\\o\\d\\\\\\\\
=007  cr\|||||||||||
=008  100315s1972\\\\ja\a\\\\ob\\\\000\0\jpn\d
=FMT  \\$a  BK
=019  \\$a301187968
=035  \\$a(OCoLC)556508850$z(OCoLC)301187968
=040  \\$aOCLCE$beng$cOCLCE$dOCLCQ$dCUS$dOCLCQ$dOCLCO$dOCLCF$dOCL$dYUS$dOCLCO$dYUS$dOCLCO$dOCL$dOCLCQ$dOCLCO$dYUS$dOCLCO$dUk$epn
=042  \\$adlr
=043  \\$aa-cc---
=050  \4$aPL2456$b.S45
=100  1\$6880-01$aShirakawa, Shizuka,$d1910-2006
=245  10$6880-02$aKōkotsubun no sekai :$bkodai In ōchō no kōzō /$cShirakawa Shizuka cho.
=260  \\$6880-03$aTōk̄yō :$bHeibonsha,$cShōwa 47 [1972]
=300  \\$a1 online resource (272 pages) :$billustrations.
=336  \\$atext$btxt$2rdacontent
=337  \\$acomputer$bc$2rdamedia
=338  \\$aonline resource$bcr$2rdacarrier
=490  1\$6880-04$aTōyō bunko ;$v204
=504  \\$aIncludes bibliographical references (pages 244-252).
=588  0\$aPrint version record.
=648  \7$a1766-1122 B.C$2fast
=650  \0$aOracle bones.
=650  \7$aOracle bones.$2fast$0(OCoLC)fst01046985
=651  \0$aChina$xHistory$yShang dynasty, 1766-1122 B.C.$vSources.
=651  \7$aChina.$2fast$0(OCoLC)fst01206073
=655  \7$aHistory$2fast$0(OCoLC)fst01411628
=655  \7$aSources.$2fast$0(OCoLC)fst01423900
=773  0\$tJapanKnowledge
=776  08$iPrint version:$aShirakawa, Shizuka, 1910-2006.$tKōkotsubun no sekai.$dTōk̄yō : Heibonsha, Shōwa 47 [1972]
=830  \0$6880-05$aTōyō bunko$v204.
=856  40$3JapanKnowledge$uhttp://japanknowledge.com/lib/display/?lid=80010V0204P0003$yJapanKnowledge Lib
=880  1\$6100-01/{dollar}1$a白川静,$d1910-2006.
=880  10$6245-02/{dollar}1$a甲骨文の世界 :$b古代殷王朝の構造 /$c白川静著.
=880  \\$6260-03/{dollar}1$a東京 :$b平凡社,$c昭和47 [1972]
=880  \\$6250-00/{dollar}1$a初版.
=880  1\$6490-04/{dollar}1$a東洋文庫 ;$v204
=880  \0$6830-05/{dollar}1$a東洋文庫 ;$v204.
=859  \\$aORR$bJapanKnowledge
=CAT  \\$aW1704-1242$b00$c20170509$lBLL01$h0927
=CAT  \\$aBATCH-UPD$b00$c20170509$lBLL01$h0933
=CAT  \\$aW2003-0365$c20200305$lBLL01$h1101
=FIN  \\$aY$d20170509
=SID  \\$aZ30$bOCLC
=SRC  \\$aJapanKnowledge_2017$bJK_OCLC20170203.mrc
=LAS  \\$aW2003-0365$b00$c20200305$lBLL01$h1101

