=LDR  02139 am a22005774i 4500
=001  018338097
=003  Uk
=005  20170106043004.0
=006  m\\\\\o\\d\\\\\\\\
=007  cr\|||||||||||
=008  151113s2001\\\\ja\\\\\\o\\\\\000\0\jpn\d
=FMT  \\$a  BK
=020  \\$z4560058350
=020  \\$z9784560058350
=035  \\$a(OCoLC)929031180
=040  \\$aCNEAL$beng$cYUS$dOCLCO$dYUS$dOCLCO$dOCLCF$dUk$erda$epn
=041  1\$ajpn$hfre
=050  \4$aPA6675$b.G675165 2001
=100  1\$aGrimal, Pierre,$d1912-1996,$eauthor.
=240  10$aŠn̈que.$lJapanese
=245  10$6880-01$aSeneka /$cPiēru Gurimaru cho ; Suzuki Satoru yaku.
=264  \1$6880-02$aTōkyō :$bHakusuisha,$c2001.
=300  \\$a1 online resource.
=336  \\$atext$btxt$2rdacontent
=337  \\$acomputer$bc$2rdamedia
=338  \\$aonline resource$bcr$2rdacarrier
=490  1\$6880-03$aBunko kuseju ;$v835
=588  \\$aDescription based on print version.
=600  10$aSeneca, Lucius Annaeus,$dapproximately 4 B.C.-65 A.D.
=600  17$aSeneca, Lucius Annaeus,$dapproximately 4 B.C.-65 A.D.$2fast$0(OCoLC)fst01846771
=650  \0$aStoics$vBiography.
=650  \7$aStoics.$2fast$0(OCoLC)fst01133750
=655  \7$aBiography.$2fast$0(OCoLC)fst01423686
=700  1\$6880-04$aSuzuki, Satoru.
=773  0\$tJapanKnowledge
=776  08$iPrint version:$tSeneka
=830  \0$6880-05$aBunko kuseju$v835.
=856  40$3JapanKnowledge$uhttp://japanknowledge.com/lib/display/?lid=8021008350000$yJapanKnowledge Lib
=880  10$6245-01/{dollar}1$aセネカ /$cピエール・グリマル著 ; 鈴木暁訳.
=880  \1$6264-02/{dollar}1$a東京 :$b白水社,$c2001.
=880  1\$6490-03/{dollar}1$a文庫クセジュ ;$v835
=880  1\$6700-04/{dollar}1$a鈴木, 暁.
=880  \0$6830-05/{dollar}1$a文庫クセジュ ;$v835.
=859  \\$aORR$bJapanKnowledge
=CAT  \\$aW1704-1242$b00$c20170509$lBLL01$h0927
=CAT  \\$aBATCH-UPD$b00$c20170509$lBLL01$h0933
=CAT  \\$aW2003-0365$c20200305$lBLL01$h1101
=FIN  \\$aY$d20170509
=SID  \\$aZ30$bOCLC
=SRC  \\$aJapanKnowledge_2017$bJK_OCLC20170203.mrc
=LAS  \\$aW2003-0365$b00$c20200305$lBLL01$h1101

