=LDR  02265 am a22005777a 4500
=001  018338098
=003  Uk
=005  20180713152721.0
=006  m\\\\\o\\d\\\\\\\\
=007  cr\|||||||||||
=008  100626s1964\\\\ja\a\\\\o\\\\\000\0\jpn\d
=FMT  \\$a  BK
=019  \\$a301159575
=035  \\$a(OCoLC)643820042$z(OCoLC)301159575
=040  \\$aOCLCE$beng$cOCLCE$dOCLCO$dOCLCQ$dCUS$dOCLCQ$dYUS$dOCLCO$dYUS$dOCLCO$dOCLCQ$dYUS$dOCLCO$dUk$epn
=041  1\$ajpn$hper
=042  \\$adlr
=050  \4$aPK6541$b.G2 1964
=100  0\$aSaʿdī.
=240  10$aGulistān.$lJapanese
=245  10$6880-01$aBaraen :$bGurisutān : Iran chūsei no kyōyō monogatari /$cSaadī ; Gamō Reiichi yaku.
=246  3\$6880-02$aGurisutān
=250  \\$6880-03$aShohan.
=260  \\$6880-04$aTōkyō :$bHeibonsha,$cShōwa 39 [1964]
=300  \\$a1 online resource (28, 412 pages) :$billustrations.
=336  \\$atext$btxt$2rdacontent
=337  \\$acomputer$bc$2rdamedia
=338  \\$aonline resource$bcr$2rdacarrier
=490  1\$6880-05$aTōyō bunko ;$v12
=588  0\$aPrint version record.
=700  1\$6880-06$aGamō, Reiichi,$d1901-1977
=773  0\$tJapanKnowledge
=776  08$iPrint version:$aSa'dī.$sGulistān. Japanese.$tBaraen.$bShohan.$dTōkyō : Heibonsha, Shōwa 39 [1964]
=830  \0$6880-07$aTōyō bunko$v12.
=856  40$3JapanKnowledge$uhttp://japanknowledge.com/lib/display/?lid=80010V0012P0002$yJapanKnowledge Lib
=880  10$6245-01/{dollar}1$a薔薇園 :$bグリスタ-ン : イラン中世の教養物語 /$cサアディー ; 蒲生礼一訳.
=880  3\$6246-02/{dollar}1$aグリスタ-ン
=880  \\$6250-03/{dollar}1$a初版.
=880  \\$6260-04/{dollar}1$a東京 :$b平凡社,$c昭和39 [1964]
=880  1\$6490-05/{dollar}1$a東洋文庫 ;$v12
=880  1\$6700-06/{dollar}1$a蒲生礼一,$d1901-
=880  \0$6830-07/{dollar}1$a東洋文庫 ;$v12.
=859  \\$aORR$bJapanKnowledge
=CAT  \\$aW1704-1242$b00$c20170509$lBLL01$h0927
=CAT  \\$aBATCH-UPD$b00$c20170509$lBLL01$h0933
=CAT  \\$a4039$b40$c20180713$lBLL01$h1527
=CAT  \\$aW2003-0365$c20200305$lBLL01$h1101
=FIN  \\$aY$d20170509
=SID  \\$aZ30$bOCLC
=SRC  \\$aJapanKnowledge_2017$bJK_OCLC20170203.mrc
=LAS  \\$aW2003-0365$b00$c20200305$lBLL01$h1101

