=LDR  03694 am a22007697i 4500
=001  018338099
=003  Uk
=005  20170106043005.0
=006  m\\\\\o\\d\\\\\\\\
=007  cr\|||||||||||
=008  110703m19701974ja\a\\\\ob\\\\000\0\jpn\d
=FMT  \\$a  BK
=035  \\$a(OCoLC)734965177
=040  \\$aOCLCE$beng$cOCLCE$dCUS$dOCLCQ$dOCLCA$dOCLCF$dOCLCQ$dOCLCO$dYUS$dOCLCO$dYUS$dOCLCO$dOCLCQ$dYUS$dOCLCO$dUk$epn
=041  1\$ajpn$hfre
=042  \\$adlr
=043  \\$aa-cc---
=050  \4$aBV2290.A5$bJ35
=110  2\$aJesuits.
=240  10$aLetters édifiantes et curieuses.$kSelections.$lJapanese
=245  10$6880-01$aIezusukaishi Chūgoku shokanshū /$cYazawa Toshihiko hen'yaku.
=250  \\$6880-02$aShohan.
=260  \\$6880-03$aTōkyō :$bHeibonsha,$cShōwa 45-49 [1970-1974]
=300  \\$a1 online resource (6 volumes) :$billustrations.
=336  \\$atext$btxt$2rdacontent
=337  \\$acomputer$bc$2rdamedia
=338  \\$aonline resource$bcr$2rdacarrier
=490  1\$6880-04$aTōyō bunko ;$v175, 190, 210, 230, 251, 263
=504  \\$aIncludes bibliographical references.
=505  0\$6880-05$a1. Kōki hen -- 2. Yōsei hen -- 3. Kenryū hen -- 4. Shakai hen--5. Kikō hen -- 6. Shinkō hen.
=588  0\$aPrint version record.
=610  20$aJesuits$xMissions.
=610  24$aJesuits / Missions.
=610  27$aJesuits$2fast$0(OCoLC)fst00532143
=650  \0$aMissionaries$zChina$vCorrespondence.
=650  \0$aMissions$zChina.
=650  \7$aMissionaries.$2fast$0(OCoLC)fst01023720
=650  \7$aMissions.$2fast$0(OCoLC)fst01023771
=650  04$aMissionaries$zChina$xCorrespondence.
=650  04$aMissions$zChina.
=651  \7$aChina.$2fast$0(OCoLC)fst01206073
=655  \7$aRecords and correspondence.$2fast$0(OCoLC)fst01423917
=700  1\$6880-06$aYazawa, Toshihiko,$d1914-
=773  0\$tJapanKnowledge
=776  08$iPrint version:$aJesuits.$sLetters édifiantes et curieuses. Japanese. Selections.$tIezusukaishi Chūgoku shokanshū.$dTōkyō : Heibonsha, Shōwa 45-49 [1970-1974]
=830  \0$6880-07$aTōyō bunko$v175, 190, 210, 230, 251, 263.
=856  40$3JapanKnowledge Volume 1$uhttp://japanknowledge.com/lib/display/?lid=80010V0175P0005$yJapanKnowledge Lib
=856  40$3JapanKnowledge Volume 2$uhttp://japanknowledge.com/lib/display/?lid=80010V0190P0002$yJapanKnowledge Lib
=856  40$3JapanKnowledge Volume 3$uhttp://japanknowledge.com/lib/display/?lid=80010V0210P0002$yJapanKnowledge Lib
=856  40$3JapanKnowledge Volume 4$uhttp://japanknowledge.com/lib/display/?lid=80010V0230P0002$yJapanKnowledge Lib
=856  40$3JapanKnowledge Volume 5$uhttp://japanknowledge.com/lib/display/?lid=80010V0251P0002$yJapanKnowledge Lib
=856  40$3JapanKnowledge Volume 6$uhttp://japanknowledge.com/lib/display/?lid=80010V0263P0002$yJapanKnowledge Lib
=880  10$6245-01/{dollar}1$aイエズス会士中国書簡集 /$c矢沢利彥編訳.
=880  \\$6250-02/{dollar}1$a初版.
=880  \\$6260-03/{dollar}1$a東京 :$b平凡社,$c昭和45-49 [1970-1974]
=880  1\$6490-04/{dollar}1$a東洋文庫 ;$v175, 190, 210, 230, 251, 263
=880  0\$6505-05/{dollar}1$a1. 康熙編 -- 2. 雍正編 -- 3.乾隆編 -- 4. 社会編 -- 5. 紀行編 -- 6. 信仰編.
=880  1\$6700-06/{dollar}1$a矢沢利彥,$d1914-
=880  \0$6830-07/{dollar}1$a東洋文庫 ;$v175, 190, 210, 230, 251, 263.
=859  \\$aORR$bJapanKnowledge
=CAT  \\$aW1704-1242$b00$c20170509$lBLL01$h0927
=CAT  \\$aBATCH-UPD$b00$c20170509$lBLL01$h0933
=CAT  \\$aW2003-0365$c20200305$lBLL01$h1101
=FIN  \\$aY$d20170509
=SID  \\$aZ30$bOCLC
=SRC  \\$aJapanKnowledge_2017$bJK_OCLC20170203.mrc
=LAS  \\$aW2003-0365$b00$c20200305$lBLL01$h1101

