=LDR  01939 am a22005054i 4500
=001  018338100
=003  Uk
=005  20170106043005.0
=006  m\\\\\o\\d\\\\\\\\
=007  cr\|||||||||||
=008  151214s1998\\\\ja\ab\\\\d\\\\000\0\jpn\d
=FMT  \\$a  BK
=020  \\$z4095150025
=020  \\$z9784095150024
=035  \\$a(OCoLC)932129307
=040  \\$aYUS$beng$cYUS$dOCLCO$dUk$erda$epn
=041  0\$ajpn$ager
=050  \4$aPL681.G5
=245  00$6880-01$aDoku-Wa daijiten =$bGrosses Deutsch-Japanisches wörterbuch /$chenshū iin Kunimatsu Kōji [and 11 others].
=246  31$aGrosses Deutsch-Japanisches wörterbuch
=264  \1$6880-02$aTōkyō :$bShōgakukan,$c1998.
=300  \\$a1 online resource
=336  \\$atext$btxt$2rdacontent
=337  \\$acomputer$bc$2rdamedia
=338  \\$aonline resource$bcr$2rdacarrier
=588  \\$aDescription based on print version.
=650  \0$aGerman language$vDictionaries$xJapanese.
=650  \7$aGerman language.$2fast$0(OCoLC)fst00941408
=655  \7$aDictionaries.$2fast$0(OCoLC)fst01423826
=700  1\$6880-03$aKunimatsu, Kōji,$d1906-2006
=773  0\$tJapanKnowledge
=776  08$iPrint version:$tDoku-Wa daijiten.
=856  40$3JapanKnowledge$uhttp://japanknowledge.com/lib/search/basic/?cids=42100$yJapanKnowledge Lib
=880  00$6245-01/{dollar}1$a独和大辞典 =$bGrosses Deutsch-Japanisches wörterbuch /$c編輯委員国松孝二 [and 11 others].
=880  \1$6264-02/{dollar}1$a東京 :$b小学館,$c1998.
=880  1\$6700-03/{dollar}1$a国松孝二,$d1906-2006.
=859  \\$aORR$bJapanKnowledge
=CAT  \\$aW1704-1242$b00$c20170509$lBLL01$h0927
=CAT  \\$aBATCH-UPD$b00$c20170509$lBLL01$h0933
=CAT  \\$aBATCH-UPD$b00$c20170509$lBLL01$h0939
=CAT  \\$aW2003-0365$c20200305$lBLL01$h1101
=FIN  \\$aY$d20170509
=SID  \\$aZ30$bOCLC
=SRC  \\$aJapanKnowledge_2017$bJK_OCLC20170203.mrc
=LAS  \\$aW2003-0365$b00$c20200305$lBLL01$h1101

