=LDR  02209 am a22005894i 4500
=001  018338101
=003  Uk
=005  20170106043005.0
=006  m\\\\\o\\d\\\\\\\\
=007  cr\|||||||||||
=008  151214s1994\\\\ja\\\\\gob\\\\000\0\jpnod
=FMT  \\$a  BK
=020  \\$z4560057559
=020  \\$z9784560057551
=035  \\$a(OCoLC)932129259
=040  \\$aCNEAL$beng$cYUS$dOCLCO$dOCLCF$dUk$erda$epn
=041  1\$ajpn$hfre
=050  \4$aDS902$b.B35165 1994
=100  10$aBalaize, Claude,$eauthor.
=240  10$aCoře.$lJapanese
=245  10$6880-01$aChōsen Hantō o miru kiso chishiki /$cKurōdo Barēzu ... [et al.] cho; Kimu Yonguon.
=264  \1$6880-02$aTōkyō :$bHakusuisha,$c1994.
=300  \\$a1 online resource.
=336  \\$atext$btxt$2rdacontent
=337  \\$acomputer$bc$2rdamedia
=338  \\$aonline resource$bcr$2rdacarrier
=490  1\$6880-03$aBunko kuseju ;$v755
=500  \\$aTranslation of: La Coře.
=504  \\$aIncludes bibliographical references.
=588  \\$aDescription based on print version.
=651  \0$aKorea$xHistory.
=651  \7$aKorea.$2fast$0(OCoLC)fst01206434
=655  \7$aHistory.$2fast$0(OCoLC)fst01411628
=700  1\$6880-04$aKim, Yong-gwŏn,$d1947-
=773  0\$tJapanKnowledge
=776  08$iPrint version:$tChōsen hantō o miru kiso chishiki.
=830  \0$6880-05$aBunko kuseju$v755.
=856  40$3JapanKnowledge$uhttp://japanknowledge.com/lib/display/?lid=8021007550000$yJapanKnowledge Lib
=880  10$6245-01/{dollar}1$a朝鮮半島を見る基礎知識 /$cクロード・バレーズ ... [et al.] 著 ; 金容権訳
=880  \1$6264-02/{dollar}1$a東京 :$b白水社,$c1994.
=880  1\$6490-03/{dollar}1$a文庫クセジュ ;$v755
=880  1\$6700-04/{dollar}1$a金容権,$d1947-
=880  \0$6830-05/{dollar}1$a文庫クセジュ ;$v755.
=859  \\$aORR$bJapanKnowledge
=CAT  \\$aW1704-1242$b00$c20170509$lBLL01$h0927
=CAT  \\$aBATCH-UPD$b00$c20170509$lBLL01$h0933
=CAT  \\$aBATCH-UPD$b00$c20170509$lBLL01$h0939
=CAT  \\$aW2003-0365$c20200305$lBLL01$h1101
=FIN  \\$aY$d20170509
=SID  \\$aZ30$bOCLC
=SRC  \\$aJapanKnowledge_2017$bJK_OCLC20170203.mrc
=LAS  \\$aW2003-0365$b00$c20200305$lBLL01$h1101

