=LDR  02576 am a22006734i 4500
=001  018338102
=003  Uk
=005  20170106043006.0
=006  m\\\\\o\\d\\\\\\\\
=007  cr\|||||||||||
=008  151112m19791997ja\a\\\\obd\\\001\0\jpnr\
=FMT  \\$a  BK
=019  \\$a714918708
=020  \\$z4642005013
=020  \\$z4642005110
=020  \\$z9784642005012
=020  \\$z9784642005111
=035  \\$a(OCoLC)928950718$z(OCoLC)714918708
=040  \\$aYUS$beng$cYUS$dOCLCO$dOCLCE$dYUS$dOCLCO$dUk$erda$epn
=042  \\$adlr
=043  \\$aa-ja---
=050  00$aDS833$b.K64
=245  00$6880-01$aKokushi daijiten /$cKokushi Daijiten Henshū Iinkai hen.
=264  \1$aTōkyō :$bYoshikaw Kōbunkan,$c1979-Heisei 9 [1997]
=300  \\$a1 online resource
=336  \\$atext$btxt$2rdacontent
=337  \\$acomputer$bc$2rdamedia
=338  \\$aonline resource$bcr$2rdacarrier
=500  \\$6880-02$aVol. 15, pt. 1: Hoi, Sakuin (shiryō, chimei).
=500  \\$6880-03$aVol. 15, pt. 2: Sakuin (jinmei).
=500  \\$6880-04$aVol. 15, pt. 3: Sakuin (jik⁻o).
=504  \\$aIncludes bibliographical references and indexes.
=505  2\$6880-05$a[Vol.] 15. Hoi, sakuin (3 v. ).
=588  \\$aDescription based on print version.
=651  \0$aJapan$xHistory$vDictionaries$xJapanese.
=651  \7$aJapan.$2fast$0(OCoLC)fst01204082
=653  \\$6880-07$aNihon$aRekishi$aJisho.
=655  \7$aDictionaries.$2fast$0(OCoLC)fst01423826
=655  \7$aHistory.$2fast$0(OCoLC)fst01411628
=710  2\$6880-06$aKokushi Daijiten Henshū Iinkai.
=773  0\$tJapanKnowledge
=776  08$iPrint version:$tKokushi daijiten
=856  40$3JapanKnowledge$uhttp://japanknowledge.com/lib/search/kokushi/$yJapanKnowledge Lib
=880  00$6245-01$a國史大辭典 /$c国史大辞典編集委員会編.
=880  \\$6260-00/{dollar}1$a東京 :$b吉川弘文館,$c1979.
=880  \\$6500-02$aVol. 15, pt. 1: 補遺・索引 (史料・地名).
=880  \\$6500-03$aVol. 15, pt. 2: 索引 (人名).
=880  \\$6500-04$aVol. 15, pt. 3: 索引 (事項).
=880  2\$6505-05$a[Vol.] 15. 補遺・索引 (3 v. ).
=880  \\$6653-07/{dollar}1$a日本$a歴史$a辞書.
=880  2\$6710-06$a国史大辞典編集委員会.
=859  \\$aORR$bJapanKnowledge
=CAT  \\$aW1704-1242$b00$c20170509$lBLL01$h0927
=CAT  \\$aBATCH-UPD$b00$c20170509$lBLL01$h0933
=CAT  \\$aW2003-0365$c20200305$lBLL01$h1101
=FIN  \\$aY$d20170509
=SID  \\$aZ30$bOCLC
=SRC  \\$aJapanKnowledge_2017$bJK_OCLC20170203.mrc
=LAS  \\$aW2003-0365$b00$c20200305$lBLL01$h1101

