=LDR  02030 am a22005654i 4500
=001  018338103
=003  Uk
=005  20170106043006.0
=006  m\\\\\o\\d\\\\\\\\
=007  cr\|||||||||||
=008  151214s1962\\\\ja\\\\\\ob\\\\000\0\jpn\d
=FMT  \\$a  BK
=020  \\$z456005326X
=020  \\$z9784560053263
=035  \\$a(OCoLC)932129317
=040  \\$aCNEAL$beng$cYUS$dOCLCO$dOCLCA$dUk$erda$epn
=041  1\$ajpn$hfre
=050  \4$aB395$b.B68165 1962
=100  1\$aBrun, Jean,$d1919-1994,$eauthor.
=240  10$aPlaton et l'académie.$lJapanese
=245  10$6880-01$aPuraton /$cJan Buran cho ; Totsuka Shichirō yaku.
=264  \1$6880-02$aTōkyō :$bHakusuisha,$c1962.
=300  \\$a1 online resource.
=336  \\$atext$btxt$2rdacontent
=337  \\$acomputer$bc$2rdamedia
=338  \\$aonline resource$bcr$2rdacarrier
=490  1\$6880-03$aBunko kuseju ;$v326
=500  \\$aTranslation of: Platon et l'académie.
=504  \\$aIncludes bibliographical references.
=588  \\$aDescription based on print version.
=600  00$aPlato.
=600  07$aPlato$2fast$0(OCoLC)fst00046610
=700  1\$6880-04$aTotsuka, Shichirō,$d1925-
=773  0\$tJapanKnowledge
=776  08$iPrint version:$tPuraton.
=830  \0$6880-05$aBunko kuseju$v326.
=856  40$3JapanKnowledge$uhttp://japanknowledge.com/lib/display/?lid=8021003260000$yJapanKnowledge Lib
=880  10$6245-01/{dollar}1$aプラトン /$cジャン・ブラン著 ; 戶塚七郎訳.
=880  \1$6264-02/{dollar}1$a東京 :$b白水社,$c1962.
=880  1\$6490-03/{dollar}1$a文庫クセジュ ;$v326
=880  1\$6700-04/{dollar}1$a戶塚七郎,$d1925-
=880  \0$6830-05/{dollar}1$a文庫クセジュ ;$v326.
=859  \\$aORR$bJapanKnowledge
=CAT  \\$aW1704-1242$b00$c20170509$lBLL01$h0927
=CAT  \\$aBATCH-UPD$b00$c20170509$lBLL01$h0933
=CAT  \\$aW2003-0365$c20200305$lBLL01$h1101
=FIN  \\$aY$d20170509
=SID  \\$aZ30$bOCLC
=SRC  \\$aJapanKnowledge_2017$bJK_OCLC20170203.mrc
=LAS  \\$aW2003-0365$b00$c20200305$lBLL01$h1101

