=LDR  03749 am a22008657a 4500
=001  018338104
=003  Uk
=005  20170106043007.0
=006  m\\\\\o\\d\\\\\\\\
=007  cr\unu---uuaua
=008  090129s1999\\\\ja\a\\\\ob\\\\000\0\jpn\d
=FMT  \\$a  BK
=035  \\$a(OCoLC)300289939
=040  \\$aOCLCE$beng$cOCLCE$dOCL$dCUS$dOCLCQ$dOCLCA$dOCLCQ$dOCLCF$dOCLCO$dYUS$dOCLCO$dYUS$dOCLCQ$dYUS$dOCLCO$dUk$epn
=041  0\$ajpn$hchi
=043  \\$aac-----$aa-ii---
=050  \4$aDS6$b.H795 1999
=084  \\$a292.96$2njb/9
=100  0\$6880-01$aXuanzang,$dapproximately 596-664
=240  10$6880-02$aDa Tang Xiyu ji.$lJapanese
=245  10$6880-03$aDaitō seiikiki /$cGenjō ; Mizutani Shinjō yakuchū.
=246  3\$aDai Tō saiikiki
=246  3\$aDai Tō seiikiki
=246  3\$aDaitō saiikiki
=250  \\$6880-04$aShohan.
=260  \\$6880-05$aTōkyō :$bHeibonsha,$c1999.
=300  \\$a1 online resource (3 volumes) :$billustrations.
=336  \\$atext$btxt$2rdacontent
=337  \\$acomputer$bc$2rdamedia
=338  \\$aonline resource$bcr$2rdacarrier
=490  1\$6880-06$aTōyō Bunko ;$v653, 655, 657
=504  \\$aIncludes bibliographical references.
=588  0\$aPrint version record.
=650  \0$aBuddha (The concept)
=650  \0$aBuddhism$zAsia, Central.
=650  \0$aBuddhism$zIndia.
=650  \7$6880-07$aChuo ajia$xKiko annaiki.$2jlabsh
=650  \7$6880-08$aIndo$xKiko annaiki.$2jlabsh
=650  \7$aBuddha (The concept)$2fast$0(OCoLC)fst00840022
=650  \7$aBuddhism.$2fast$0(OCoLC)fst00840028
=650  \7$aHistorical geography.$2fast$0(OCoLC)fst00958122
=650  07$6880-09$aChūō ajia-Kikō annaiki.$2jlabsh/3
=650  07$6880-10$aIndo-Kikō annaiki.$2jlabsh/3
=651  \0$aAsia, Central$xHistorical geography.
=651  \0$aIndia$xHistorical geography.
=651  \7$aAsia, Central.$2fast$0(OCoLC)fst01240497
=651  \7$aIndia.$2fast$0(OCoLC)fst01210276
=700  1\$6880-11$aMizutani, Shinjō,$d1917-1995
=773  0\$tJapanKnowledge
=776  08$iPrint version:$aXuanzang, approximately 596-664.$sDa Tang Xiyu ji. Japanese.$tDaitō seiikiki.$bShohan.$dTōkyō : Heibonsha, 1999$z4582806538$z9784582806533
=830  \0$6880-12$aTōyō bunko$v653, 655, 657.
=856  40$3JapanKnowledge Volume 1$uhttp://japanknowledge.com/lib/display/?lid=80010V0653P0002$yJapanKnowledge Lib
=856  40$3JapanKnowledge Volume 2$uhttp://japanknowledge.com/lib/display/?lid=80010V0655P0002$yJapanKnowledge Lib
=856  40$3JapanKnowledge Volume 3$uhttp://japanknowledge.com/lib/display/?lid=80010V0657P0002$yJapanKnowledge Lib
=880  1\$6100-01/{dollar}1$a玄奘,$dapproximately 596-664.
=880  10$6240-02/{dollar}1$a大唐西域記.$lJapanese
=880  10$6245-03/{dollar}1$a大唐西域記 /$c玄奘 ; 水谷真成訳註.
=880  \\$6250-04/{dollar}1$a初版.
=880  \\$6260-05/{dollar}1$a東京 :$b平凡社,$c1999.
=880  1\$6490-06/{dollar}1$a東洋文庫 ;$v653, 655, 657
=880  \7$6650-07/{dollar}1$a中央アジア$x紀行・案内記.$2jlabsh
=880  \7$6650-08/{dollar}1$aインド$x紀行・案内記.$2jlabsh
=880  07$6650-09/{dollar}1$a中央アジア-紀行・案内記.$2jlabsh/3
=880  07$6650-10/{dollar}1$aインド-紀行・案内記.$2jlabsh/3
=880  1\$6700-11/{dollar}1$a水谷真成,$d1917-1995.
=880  \0$6830-12/{dollar}1$a東洋文庫 ;$v653, 655, 657.
=859  \\$aORR$bJapanKnowledge
=CAT  \\$aW1704-1242$b00$c20170509$lBLL01$h0927
=CAT  \\$aBATCH-UPD$b00$c20170509$lBLL01$h0933
=CAT  \\$aBATCH-UPD$b00$c20170509$lBLL01$h0939
=CAT  \\$aW2003-0365$c20200305$lBLL01$h1101
=FIN  \\$aY$d20170509
=SID  \\$aZ30$bOCLC
=SRC  \\$aJapanKnowledge_2017$bJK_OCLC20170203.mrc
=LAS  \\$aW2003-0365$b00$c20200305$lBLL01$h1101

