=LDR  02807 am a22006017a 4500
=001  018338105
=003  Uk
=005  20170106043007.0
=006  m\\\\\o\\d\\\\\\\\
=007  cr\|||||||||||
=008  100626s1977\\\\ja\af\\\o\\\\\000\0\jpn\d
=FMT  \\$a  BK
=019  \\$a301228747
=035  \\$a(OCoLC)643867044$z(OCoLC)301228747
=040  \\$aOCLCE$beng$cOCLCE$dCUS$dOCLCQ$dOCLCO$dOCLCQ$dOCLCF$dYUS$dOCLCO$dYUS$dOCLCO$dOCLCQ$dYUS$dOCLCO$dUk$epn
=042  \\$adlr
=050  \4$aBL2222.K8$bK79 1977
=100  1\$6880-01$aKurozumi, Munetada,$d1780-1850
=245  10$6880-02$aInochi no oshie :$bminshū shūkyō no seiten, Kurozumikyō /$cKurozumi Munetada ; Murakami Shigeyoshi kōchū.
=250  \\$6880-03$aShohan.
=260  \\$6880-04$aTōkyō :$bHeibonsha,$cShōwa 52 [1977]
=300  \\$a1 online resource (ii, 346 pages, [1] leaf of plates) :$billustrations.
=336  \\$atext$btxt$2rdacontent
=337  \\$acomputer$bc$2rdamedia
=338  \\$aonline resource$bcr$2rdacarrier
=490  1\$6880-05$aTōyō bunko ;$v319
=505  0\$6880-06$aNichinichi kanai kokoroe no koto -- Kurozumikyō kyōsho kashū -- Denkashū -- Kurozumikyō kyōsho bunshū, Michi no bu -- Fu: Michi no kotowari.
=588  0\$aPrint version record.
=610  20$6880-07$aKurozumikyō (Religious organization)
=610  27$aKurozumikyō (Religious organization)$2fast$0(OCoLC)fst00585057
=700  1\$6880-08$aMurakami, Shigeyoshi,$d1928-1991
=773  0\$tJapanKnowledge
=776  08$iPrint version: Kurozumi, Munetada, 1780-1850.$tInochi no oshie.$dTōkyō : Heibonsha, Shōwa 52 [1977]
=830  \0$6880-09$aTōyō bunko$v319.
=856  40$3JapanKnowledge$uhttp://japanknowledge.com/lib/display/?lid=80010V0319P0002$yJapanKnowledge Lib
=880  1\$6100-01/{dollar}1$a黒住宗忠,$d1780-1850.
=880  10$6245-02/{dollar}1$a生命のおしえ :$b民衆宗教の聖典・黒住教 /$c黒住宗忠 ; 村上重良校注.
=880  \\$6250-03/{dollar}1$a初版.
=880  \\$6260-04/{dollar}1$a東京 :$b平凡社,$c昭和52 [1977]
=880  1\$6490-05/{dollar}1$a東洋文庫 ;$v319
=880  0\$6505-06/{dollar}1$a日々家內心得の事 -- 黒住教教書歌集 -- 伝歌集 -- 黒住教教書文集・道の部 -- 付・道のことわり.
=880  24$6610-07/{dollar}1$a黒住教 (Religious organization)
=880  1\$6700-08/{dollar}1$a村上重良,$d1928-1991.
=880  \0$6830-09/{dollar}1$a東洋文庫 ;$v319.
=859  \\$aORR$bJapanKnowledge
=CAT  \\$aW1704-1242$b00$c20170509$lBLL01$h0927
=CAT  \\$aBATCH-UPD$b00$c20170509$lBLL01$h0933
=CAT  \\$aBATCH-UPD$b00$c20170509$lBLL01$h0939
=CAT  \\$aW2003-0365$c20200305$lBLL01$h1101
=FIN  \\$aY$d20170509
=SID  \\$aZ30$bOCLC
=SRC  \\$aJapanKnowledge_2017$bJK_OCLC20170203.mrc
=LAS  \\$aW2003-0365$b00$c20200305$lBLL01$h1101

