=LDR  02116cam a22005654i 4500
=001  018338106
=003  Uk
=005  20170106043007.0
=006  m\\\\\o\\d\\\\\\\\
=007  cr\|||||||||||
=008  151113s2005\\\\ja\\\\\go\\\\\000\0\jpn\d
=FMT  \\$a  BK
=020  \\$z4560508925
=020  \\$z9784560508923
=035  \\$a(OCoLC)929031461
=040  \\$aCNEAL$beng$cYUS$dOCLCO$dYUS$dOCLCO$dOCLCF$dUk$erda$epn
=041  1\$ajpn$hfre
=050  \4$aBS2330.3$b.B87165 2005
=100  1\$aBurnet, Régis,$eauthor.
=240  10$aNouveau Testament.$lJapanese
=245  10$6880-01$aShin'yaku seisho nyūmon /$cRejisu Byurune cho ; Katō Takashi yaku.
=264  \1$6880-02$aTōkyō :$bHakusuisha,$c2005.
=300  \\$a1 online resource.
=336  \\$atext$btxt$2rdacontent
=337  \\$acomputer$bc$2rdamedia
=338  \\$aonline resource$bcr$2rdacarrier
=490  1\$6880-03$aBunko kuseju ;$v892
=588  \\$aDescription based on print version.
=630  00$aBible.$pNew Testament$vIntroductions.
=630  07$aBible.$pNew Testament.$2fast$0(OCoLC)fst01808090
=655  \7$aIntroductions.$2fast$0(OCoLC)fst01423833
=700  1\$6880-04$aKatō, Takashi,$d1957-
=773  0\$tJapanKnowledge
=776  08$iPrint version:$tShin'yaku seisho nyumon.
=830  \0$6880-05$aBunko kuseju$v892.
=856  40$3JapanKnowledge$uhttp://japanknowledge.com/lib/display/?lid=8021008920000$yJapanKnowledge Lib
=880  10$6245-01/{dollar}1$a新約聖書入門 /$cレジス・ビュルネ著 ; 加藤隆訳.
=880  \1$6264-02/{dollar}1$a東京 :$b白水社,$c2005.
=880  1\$6490-03/{dollar}1$a文庫クセジュ ;$v892
=880  1\$6700-04/{dollar}1$a加藤隆,$d1957-
=880  \0$6830-05/{dollar}1$a文庫クセジュ ;$v892.
=859  \\$aORR$bJapanKnowledge
=CAT  \\$aW1704-1242$b00$c20170509$lBLL01$h0927
=CAT  \\$aBATCH-UPD$b00$c20170509$lBLL01$h0933
=CAT  \\$aW2003-0365$c20200305$lBLL01$h1101
=CAT  \\$aBATCH-UPD$b00$c20220121$lBLL01$h2126
=FIN  \\$aY$d20170509
=SID  \\$aZ30$bOCLC
=SRC  \\$aJapanKnowledge_2017$bJK_OCLC20170203.mrc
=LAS  \\$aBATCH-UPD$b00$c20220121$lBLL01$h2126

