=LDR  03090 am a22006017i 4500
=001  018338107
=003  Uk
=005  20170106043008.0
=006  m\\\\\o\\d\\\\\\\\
=007  cr\|||||||||||
=008  100626s1975\\\\ja\a\\\\o\\\\\000\0\jpn\d
=FMT  \\$a  BK
=019  \\$a297374982
=035  \\$a(OCoLC)643866010$z(OCoLC)297374982
=040  \\$aOCLCE$beng$cOCLCE$dCUS$dOCLCO$dOCLCQ$dYUS$dOCLCO$dYUS$dOCLCO$dOCLCQ$dYUS$dOCLCO$dUk$epn
=041  1\$ajpn$hchi
=042  \\$adlr
=050  \4$aPL779.C5$bG4
=245  00$6880-01$aGenkyoku goshu /$cIkeda Daigo yaku ; Tanaka Kenji hochū.
=250  \\$6880-02$aShohan.
=260  \\$6880-03$aTōkyō :$bHeibonsha,$cShōwa 50 [1975]
=300  \\$a1 online resource (iii, 373 pages) :$billustrations.
=336  \\$atext$btxt$2rdacontent
=337  \\$acomputer$bc$2rdamedia
=338  \\$aonline resource$bcr$2rdacarrier
=490  1\$6880-04$aTōyō bunko ;$v278
=505  0\$6880-05$aYō-shi no onna inu o koroshi otto o isamuru zatsugeki (Sha kou ch'üan ch'i)--Chō Funji uwaki ni uraburetaru o sukuu zatsugeki (Chiu feng ch'en)--Ryo Dōhin mitabi [jōnanryū] o dosuru zatsugeki (Ch'eng nan liu)--Kazai o sanjite ten ni rōseiji o tamawaru zatsugeki (Lao sheng erh)--Chō Kōmoku chi mote mohoro o kangōru zatsugeki (Mo ho lo)--Ikeda Daigo, Seisuiki Kazusa no maki--Ikeda Daigo, Genkyoku goshu no ato ni.
=588  0\$aPrint version record.
=650  \0$aChinese drama$yYuan dynasty, 1260-1368$xTranslations into Japanese.
=650  \0$aJapanese drama$xTranslations, Chinese.
=700  1\$6880-06$aIkeda, Daigo,$d1885-1942.
=700  1\$6880-07$aTanaka, Kenji,$d1912-2002
=773  0\$tJapanKnowledge
=776  08$iPrint version:$tGenkyoku goshu.$dTōkyō : Heibonsha, Shōwa 50 [1975]
=830  \0$6880-08$aTōyō bunko$v278.
=856  40$3JapanKnowledge$uhttp://japanknowledge.com/lib/display/?lid=80010V0278P0002$yJapanKnowledge Lib
=880  00$6245-01/{dollar}1$a元曲五種 /$c池田大伍訳 ; 田中謙二補注.
=880  \\$6250-02/{dollar}1$a初版.
=880  \\$6260-03/{dollar}1$a東京 :$b平凡社,$c昭和50 [1975]
=880  1\$6490-04/{dollar}1$a東洋文庫 ;$v278
=880  0\$6505-05/{dollar}1$a楊氏の女狗を殺し夫を勧むる雑劇(殺狗勧夫)--趙盼児風月に風塵を救う雑劇(救風塵)--呂洞賓三たび城南柳を度する雑劇(城南柳)--家財を散じて天に老生児を賜わる雑劇(老生児)--張孔目智もて魔合羅を勘うる雑劇(魔合羅)--池田大伍, 盛衰記上総之卷--池田大伍, 元曲五種の後に.
=880  1\$6700-06/{dollar}1$a池田大伍,$d1885-1942.
=880  1\$6700-07/{dollar}1$a田中謙二,$d1912.
=880  \0$6830-08/{dollar}1$a東洋文庫 ;$v278.
=859  \\$aORR$bJapanKnowledge
=CAT  \\$aW1704-1242$b00$c20170509$lBLL01$h0927
=CAT  \\$aBATCH-UPD$b00$c20170509$lBLL01$h0933
=CAT  \\$a9572$b40$c20190513$lBLL01$h1422
=CAT  \\$aW2003-0365$c20200305$lBLL01$h1101
=FIN  \\$aY$d20170509
=SID  \\$aZ30$bOCLC
=SRC  \\$aJapanKnowledge_2017$bJK_OCLC20170203.mrc
=LAS  \\$aW2003-0365$b00$c20200305$lBLL01$h1101

