=LDR  02141 am a22005654i 4500
=001  018338108
=003  Uk
=005  20170106043008.0
=006  m\\\\\o\\d\\\\\\\\
=007  cr\|||||||||||
=008  151113s1969\\\\ja\\\\\\o\\\\\000\0\jpn\d
=FMT  \\$a  BK
=020  \\$z4560050880
=020  \\$z9784560050880
=035  \\$a(OCoLC)929031035
=040  \\$aCNEAL$beng$cYUS$dOCLCO$dYUS$dOCLCO$dOCLCF$dUk$erda$epn
=041  1\$ajpn$hfre
=050  \4$aML160$b.C43167 1969
=100  1\$aChampigneulle, Bernard,$d1896-1984,$eauthor.
=245  10$6880-01$aOngaku no rekishi /$cBerunāru Shanpinyūru cho ; Yoshida Hidekazu yaku.
=264  \1$6880-02$aTōkyō :$bHakusuisha,$c1969.
=300  \\$a1 online resource.
=336  \\$atext$btxt$2rdacontent
=337  \\$acomputer$bc$2rdamedia
=338  \\$aonline resource$bcr$2rdacarrier
=490  1\$6880-03$aBunko kuseju ;$v88
=588  \\$aDescription based on print version.
=650  \0$aMusic$xHistory and criticism.
=650  \7$aMusic.$2fast$0(OCoLC)fst01030269
=655  \7$aCriticism, interpretation, etc.$2fast$0(OCoLC)fst01411635
=700  1\$6880-04$aYoshida, Hidekazu,$d1913-2012
=730  0\$aHistoire de la musique.
=773  0\$tJapanKnowledge
=776  08$iPrint version:$tOngaku no rekishi
=830  \0$6880-05$aBunko kuseju$v88.
=856  40$3JapanKnowledge$uhttp://japanknowledge.com/lib/display/?lid=8021000880000$yJapanKnowledge Lib
=880  10$6245-01/{dollar}1$a音楽の歴史 /$cベルナール・シャンピニュール著 ; 吉田秀和訳.
=880  \1$6264-02/{dollar}1$a東京 :$b白水社,$c1969.
=880  1\$6490-03/{dollar}1$a文庫クセジュ ;$v88
=880  1\$6700-04/{dollar}1$a吉田秀和,$d1913-
=880  \0$6830-05/{dollar}1$a文庫クセジュ ;$v88.
=859  \\$aORR$bJapanKnowledge
=CAT  \\$aW1704-1242$b00$c20170509$lBLL01$h0927
=CAT  \\$aBATCH-UPD$b00$c20170509$lBLL01$h0933
=CAT  \\$aBATCH-UPD$b00$c20170509$lBLL01$h0939
=CAT  \\$aW2003-0365$c20200305$lBLL01$h1101
=FIN  \\$aY$d20170509
=SID  \\$aZ30$bOCLC
=SRC  \\$aJapanKnowledge_2017$bJK_OCLC20170203.mrc
=LAS  \\$aW2003-0365$b00$c20200305$lBLL01$h1101

