=LDR  02587 am a22006134i 4500
=001  018338109
=003  Uk
=005  20170106043008.0
=006  m\\\\\o\\d\\\\\\\\
=007  cr\|||||||||||
=008  160115s1978\\\\ja\\\\\\ob\\\\000\0\jpn\d
=FMT  \\$a  BK
=020  \\$z4560056188
=020  \\$z9784560056189
=035  \\$a(OCoLC)934799023
=040  \\$aSTF$beng$cYUS$dOCLCO$dYUS$dOCLCO$dOCLCF$dUk$erda$epn
=041  1\$ajpn$hfre
=050  \4$aPE1571$b.B3163 1978
=100  1\$aBacquet, Paul,$eauthor.
=240  10$aL'Étymologie anglaise.$lJapanese
=245  10$6880-01$aEigo no gogen /$cPōru Bake cho ; Ōizumi Akio, Morimoto Hideo kyōyaku.
=264  \1$6880-02$aTōkyō :$bHakusuisha,$c1978.
=300  \\$a1 online resource.
=336  \\$atext$btxt$2rdacontent
=337  \\$acomputer$bc$2rdamedia
=338  \\$aonline resource$bcr$2rdacarrier
=490  1\$6880-03$aBunko kuseju ;$v618
=500  \\$aTranslation of: L'Étymologie anglaise. Paris : Presses universitaires de France, 1974.
=504  \\$aIncludes bibliographical references.
=588  \\$aDescription based on print version record.
=650  \0$aEnglish language$xEtymology.
=650  \7$aEnglish language$xEtymology.$2fast$0(OCoLC)fst00911149
=700  1\$6880-04,$aOizumi, Akio,$d1935-$etranslator.
=700  1\$6880-05,$aMorimoto, Hideo,$d1934-$etranslator.
=730  0\$aÉtymologie anglaise.
=773  0\$tJapanKnowledge
=776  08$6880-06$iPrint version:$aBacquet, Paul.$sL'Étymologie anglaise. Japanese.$tEigo no gogen.$dTōkyō : Hakusuisha, 1978
=830  \0$6880-07$aBunko kuseju$v618.
=856  40$3JapanKnowledge$uhttp://japanknowledge.com/lib/display/?lid=8021006180000$yJapanKnowledge Lib
=880  10$6245-01$a英語の語源 /$cポール・バケ著 ; 大泉昭夫, 森本英夫共訳.
=880  \1$6264-02$a東京 :$b白水社,$c1978.
=880  1\$6490-03$a文庫クセジュ ;$v618
=880  1\$6700-04$a大泉昭夫,$d1935-$etranslator.
=880  1\$6700-05$a森本英夫,$d1934-$etranslator.
=880  08$6776-06$iPrint version:$aBacquet, Paul.$sL'Étymologie anglaise. Japanese.$t英語の語源.$d東京 : 白水社, 1978$w(OCoLC)33523327
=880  \0$6830-07$a文庫クセジュ ;$v618.
=859  \\$aORR$bJapanKnowledge
=CAT  \\$aW1704-1242$b00$c20170509$lBLL01$h0927
=CAT  \\$aBATCH-UPD$b00$c20170509$lBLL01$h0933
=CAT  \\$aW2003-0365$c20200305$lBLL01$h1101
=FIN  \\$aY$d20170509
=SID  \\$aZ30$bOCLC
=SRC  \\$aJapanKnowledge_2017$bJK_OCLC20170203.mrc
=LAS  \\$aW2003-0365$b00$c20200305$lBLL01$h1101

