=LDR  02680 am a22006377i 4500
=001  018338110
=003  Uk
=005  20170106043009.0
=006  m\\\\\o\\d\\\\\\\\
=007  cr\|||||||||||
=008  100315s1971\\\\ja\b\\\\ob\\\\000\0\jpn\d
=FMT  \\$a  BK
=019  \\$a300572283
=035  \\$a(OCoLC)556252625$z(OCoLC)300572283
=040  \\$aOCLCE$beng$cOCLCE$dOCLCQ$dCUS$dOCLCO$dOCLCQ$dOCLCA$dOCLCQ$dOCLCO$dYUS$dOCLCO$dYUS$dOCLCO$dOCLCQ$dYUS$dOCLCO$dUk$epn
=042  \\$adlr
=043  \\$aa------
=050  \4$aDS6$b.F344
=100  0\$6880-01$aFaxian,$dapproximately 337-approximately 422
=245  10$6880-02$aHokken den /$cHokke cho Sōun kōki Yō Genshi cho Nagasawa Kazutoshi yakuchū.
=246  30$6880-03$aSōun kōki
=260  \\$6880-04$aTōkyō :$bHeibonsha,$cShōwa 46 [1971]
=300  \\$a1 online resource (264 pages) :$bmaps.
=336  \\$atext$btxt$2rdacontent
=337  \\$acomputer$bc$2rdamedia
=338  \\$aonline resource$bcr$2rdacarrier
=490  1\$6880-05$aTōyō bunko ;$v194
=504  \\$aIncludes bibliographical references.
=588  0\$aPrint version record.
=600  10$6880-06$aSong, Yun,$dactive 6th century
=650  \0$aBuddhism$xHistory.
=651  \0$aAsia$xDescription and travel.
=700  1\$6880-07$aNagasawa, Kazutoshi,$d1928-
=700  1\$6880-08.$aYang, Xuanzhi,$d-555?$tLuoyang qie lan ji.$pSong yun xing ji.$lJapanese.
=773  0\$tJapanKnowledge
=776  08$iPrint version:$aFaxian, approximately 337-approximately 422.$tHokken den.$dTōkyō : Heibonsha, Shōwa 46 [1971]
=830  \0$6880-09$aTōyō bunko$v194.
=856  40$3JapanKnowledge$uhttp://japanknowledge.com/lib/display/?lid=80010V0194P0002$yJapanKnowledge Lib
=880  0\$6100-01/{dollar}1$a法顕,$dapproximately 337-approximately 422.
=880  10$6245-02/{dollar}1$a法顕伝 /$c法顕著 宋雲行紀 楊衒之著 長沢和俊訳注.
=880  30$6246-03/{dollar}1$a宋雲行紀
=880  \\$6260-04/{dollar}1$a東京 :$b平凡社,$c昭和 46 [1971]
=880  1\$6490-05/{dollar}1$a東洋文庫 ;$v194
=880  14$6600-06/{dollar}1$a宋雲,$dactive 6th century.
=880  1\$6700-07/{dollar}1$a長沢和俊,$d1928-
=880  1\$6700-08/{dollar}1$a楊衒之,$d-555?$t洛陽伽藍記.$p宋雲行紀.$lJapanese.
=880  \0$6830-09/{dollar}1$a東洋文庫 ;$v194.
=859  \\$aORR$bJapanKnowledge
=CAT  \\$aW1704-1242$b00$c20170509$lBLL01$h0927
=CAT  \\$aBATCH-UPD$b00$c20170509$lBLL01$h0933
=CAT  \\$aW2003-0365$c20200305$lBLL01$h1101
=CAT  \\$aBATCH-UPD$b00$c20200509$lBLL01$h1709
=FIN  \\$aY$d20170509
=SID  \\$aZ30$bOCLC
=SRC  \\$aJapanKnowledge_2017$bJK_OCLC20170203.mrc
=LAS  \\$aBATCH-UPD$b00$c20200509$lBLL01$h1709

