=LDR  02532 am a22006497a 4500
=001  018338111
=003  Uk
=005  20170106043009.0
=006  m\\\\\o\\d\\\\\\\\
=007  cr\|||||||||||
=008  111008s1995\\\\ja\a\\\\ob\\\\000\0\jpn\d
=FMT  \\$a  BK
=019  \\$a644465523
=020  \\$z4582805868
=020  \\$z9784582805864
=035  \\$a(OCoLC)756316547$z(OCoLC)644465523
=040  \\$aOCLCE$beng$cOCLCE$dCUS$dOCLCO$dOCLCF$dOCLCQ$dOCLCO$dYUS$dOCLCO$dYUS$dOCLCO$dOCLCQ$dOCLCO$dYUS$dOCLCO$dUk$epn
=042  \\$adlr
=043  \\$aa-ja---
=050  \4$aDS809$b.W47 1995
=100  1\$aWeston, Walter,$d1861-1940.
=245  10$6880-01$aNihon Arupusu tōhan nikki /$cW. Wesuton ; Mitsui Yoshio yaku.
=250  \\$6880-02$aShohan.
=260  \\$6880-03$aTōkyō :$bHeibonsha,$c1995.
=300  \\$a1 online resource (318 pages) :$billustrations.
=336  \\$atext$btxt$2rdacontent
=337  \\$acomputer$bc$2rdamedia
=338  \\$aonline resource$bcr$2rdacarrier
=490  1\$6880-04$aTōyō bunko ;$v586
=500  \\$aTranslation based on the auther's field notes of 1894-1914.
=504  \\$aIncludes bibliographical references.
=588  0\$aPrint version record.
=650  \0$aMountaineering$zJapan.
=650  \0$aMountains$zJapan.
=650  \7$aMountaineering.$2fast$0(OCoLC)fst01028334
=650  \7$aMountains.$2fast$0(OCoLC)fst01028366
=650  \7$aTravel.$2fast$0(OCoLC)fst01155558
=651  \0$aJapan$xDescription and travel.
=651  \7$aJapan.$2fast$0(OCoLC)fst01204082
=773  0\$tJapanKnowledge
=776  08$iPrint version:$aWeston, Walter, 1861-1940.$tNihon Arupusu tōhan nikki.$bShohan.$dTōkyō : Heibonsha, 1995$z4582805868
=830  \0$6880-05$aTōyō bunko$v586.
=856  40$3JapanKnowledge$uhttp://japanknowledge.com/lib/display/?lid=80010V0586P0002$yJapanKnowledge Lib
=880  10$6245-01/{dollar}1$a日本アルプス登攀日記 /$cW・ウェストン ; 三井嘉雄訳.
=880  \\$6250-02/{dollar}1$a初版.
=880  \\$6260-03/{dollar}1$a東京 :$b平凡社,$c1995.
=880  1\$6490-04/{dollar}1$a東洋文庫 ;$v586
=880  \0$6830-05/{dollar}1$a東洋文庫 ;$v586.
=859  \\$aORR$bJapanKnowledge
=CAT  \\$aW1704-1242$b00$c20170509$lBLL01$h0927
=CAT  \\$aBATCH-UPD$b00$c20170509$lBLL01$h0934
=CAT  \\$aBATCH-UPD$b00$c20180919$lBLL01$h2026
=CAT  \\$aW2003-0365$c20200305$lBLL01$h1101
=FIN  \\$aY$d20170509
=SID  \\$aZ30$bOCLC
=SRC  \\$aJapanKnowledge_2017$bJK_OCLC20170203.mrc
=LAS  \\$aW2003-0365$b00$c20200305$lBLL01$h1101

