=LDR  02310 am a22005297a 4500
=001  018338112
=003  Uk
=005  20170106043009.0
=006  m\\\\\o\\d\\\\\\\\
=007  cr\unu---uuaua
=008  090201s1984\\\\ja\ac\\\o\\\\\000\1\jpn\d
=FMT  \\$a  BK
=035  \\$a(OCoLC)301060740
=040  \\$aOCLCE$beng$cOCLCE$dOCLCQ$dCUS$dOCLCQ$dYUS$dOCLCO$dYUS$dOCLCO$dOCLCQ$dYUS$dOCLCO$dUk$epn
=041  1\$ajpn$heng
=100  1\$aMorier, James Justinian,$d1780?-1849.
=240  10$aAdventures of Hajji Baba of Ispahan.$lJapanese
=245  10$6880-01$aHaji Baba no bōken /$cJ. Mōria ; Okazaki Shōkō, Eura Kinji, Takahashi Kazuo yaku.
=250  \\$6880-02$aShohan.
=260  \\$6880-03$aTōkyō :$bHeibonsha,$c1984.
=300  \\$a1 online resource (2 volumes) :$billustrations, portrait.
=336  \\$atext$btxt$2rdacontent
=337  \\$acomputer$bc$2rdamedia
=338  \\$aonline resource$bcr$2rdacarrier
=490  1\$6880-04$aTōyō bunko ;$v434, 436
=588  0\$aPrint version record.
=700  1\$6880-05$aOkazaki, Shōkō,$d1935-
=773  0\$tJapanKnowledge
=776  08$iPrint version:$aMorier, James Justinian, 1780?-1849.$sAdventures of Hajji Baba of Ispahan. Japanese.$tHaji Baba no bōken.$bShohan.$dTōkyō : Heibonsha, 1984
=830  \0$6880-06$aTōyō bunko$v434, etc.
=856  40$3JapanKnowledge Volume 1$uhttp://japanknowledge.com/lib/display/?lid=80010V0434P0002$yJapanKnowledge Lib
=856  40$3JapanKnowledge Volume 2$uhttp://japanknowledge.com/lib/display/?lid=80010V0436P0002$yJapanKnowledge Lib
=880  10$6245-01/{dollar}1$aハジババの冒険 /$cJ. モーリア ; 岡崎正孝, 江浦公治, 高橋和夫訳.
=880  \\$6250-02/{dollar}1$a初版.
=880  \\$6260-03/{dollar}1$a東京 :$b平凡社,$c1984.
=880  1\$6490-04/{dollar}1$a東洋文庫 ;$v434, 436
=880  1\$6700-05/{dollar}1$a岡崎正孝,$d1935-
=880  \0$6830-06/{dollar}1$a東洋文庫 ;$v434, etc.
=859  \\$aORR$bJapanKnowledge
=CAT  \\$aW1704-1242$b00$c20170509$lBLL01$h0927
=CAT  \\$aBATCH-UPD$b00$c20170509$lBLL01$h0934
=CAT  \\$aBATCH-UPD$b00$c20170509$lBLL01$h0939
=CAT  \\$aW2003-0365$c20200305$lBLL01$h1101
=FIN  \\$aY$d20170509
=SID  \\$aZ30$bOCLC
=SRC  \\$aJapanKnowledge_2017$bJK_OCLC20170203.mrc
=LAS  \\$aW2003-0365$b00$c20200305$lBLL01$h1101

