=LDR  02329 am a22006134i 4500
=001  018338113
=003  Uk
=005  20170106043010.0
=006  m\\\\\o\\d\\\\\\\\
=007  cr\|||||||||||
=008  151214s1994\\\\ja\\\\\go\\\\\000\0\jpn\d
=FMT  \\$a  BK
=020  \\$z4560057613
=020  \\$z9784560057612
=035  \\$a(OCoLC)932129260
=040  \\$aCNEAL$beng$cYUS$dOCLCO$dOCLCF$dOCLCO$dUk$erda$epn
=041  1\$ajpn$hfre
=050  \4$aRS61.F33165 1994
=100  1\$aFabre, René,$d1889-$eauthor.
=240  10$aHistore de la pharmacie.$lJapanese
=245  00$6880-01$aYakugaku no rekishi /$cRune Fāburu, Joruju Diruman cho ; Okuda Jun, Okuda Rikuko kyōyaku.
=264  \1$6880-02$aTōkyō :$bHakusuisha,$c1994.
=300  \\$a1 online resource.
=336  \\$atext$btxt$2rdacontent
=337  \\$acomputer$bc$2rdamedia
=338  \\$aonline resource$bcr$2rdacarrier
=490  1\$6880-03$aBunko kuseju ;$v761
=500  \\$aTranslation of: Histore de la pharmacie.
=588  \\$aDescription based on print version.
=650  \0$aPharmacy$xHistory.
=650  \7$aPharmacy.$2fast$0(OCoLC)fst01060285
=655  \7$aHistory.$2fast$0(OCoLC)fst01411628
=700  1\$aDillemann, Georges.
=700  1\$6880-04$aOkuda, Jun,$d1929-
=700  1\$6880-05$aOkuda, Rikuko,$d1934-
=773  0\$tJapanKnowledge
=776  08$iPrint version:$tYakugaku no rekishi.
=830  \0$6880-06$aBunko kuseju$v761.
=856  40$3JapanKnowledge$uhttp://japanknowledge.com/lib/display/?lid=8021007610000$yJapanKnowledge Lib
=880  00$6245-01/{dollar}1$a薬学の歴史 /$cルネ・ファーブル, ジョルジュ・ディルマン著 ; 奥田潤, 奥田陸子共訳.
=880  \1$6264-02/{dollar}1$a東京 :$b白水社,$c1994.
=880  1\$6490-03/{dollar}1$a文庫クセジュ ;$v761
=880  1\$6700-04/{dollar}1$a奥田潤,$d1929-
=880  1\$6700-05/{dollar}1$a奥田陸子,$d1934-
=880  \0$6830-06/{dollar}1$a文庫クセジュ ;$v761.
=859  \\$aORR$bJapanKnowledge
=CAT  \\$aW1704-1242$b00$c20170509$lBLL01$h0927
=CAT  \\$aBATCH-UPD$b00$c20170509$lBLL01$h0934
=CAT  \\$aBATCH-UPD$b00$c20170509$lBLL01$h0939
=CAT  \\$aW2003-0365$c20200305$lBLL01$h1101
=FIN  \\$aY$d20170509
=SID  \\$aZ30$bOCLC
=SRC  \\$aJapanKnowledge_2017$bJK_OCLC20170203.mrc
=LAS  \\$aW2003-0365$b00$c20200305$lBLL01$h1101

