=LDR  02695 am a22006737a 4500
=001  018338114
=003  Uk
=005  20170106043010.0
=006  m\\\\\o\\d\\\\\\\\
=007  cr\|||||||||||
=008  100608r19801892ja\a\\\\ob\\\\000\0\jpn\d
=FMT  \\$a  BK
=019  \\$a298897439
=035  \\$a(OCoLC)639351857$z(OCoLC)298897439
=040  \\$aOCLCE$beng$cOCLCE$dCUS$dOCLCQ$dOCLCO$dOCLCQ$dOCLCF$dYUS$dOCLCO$dYUS$dOCLCO$dOCLCQ$dYUS$dOCLCO$dUk$epn
=042  \\$adlr
=043  \\$apo-----
=050  \4$aAC145$b.T75 v.391
=084  \\$a297.4$2njb/9
=100  1\$6880-01$aSuzuki, Keikun,$d1854-1938
=245  10$6880-02$aNan'yō tanken jikki /$cSuzuki Keikun cho ; Mori Hisao kaisetsu.
=250  \\$6880-03$aShohan.
=260  \\$6880-04$aTōkyō :$bHeibonsha,$c1980.
=300  \\$a1 online resource (ix, 286 pages) :$billustrations.
=336  \\$atext$btxt$2rdacontent
=337  \\$acomputer$bc$2rdamedia
=338  \\$aonline resource$bcr$2rdacarrier
=490  1\$6880-05$aTōyō bunko ;$v391
=504  \\$aIncludes bibliographical references.
=588  0\$aPrint version record.
=600  10$6880-06$aSuzuki, Keikun,$d1854-1938
=600  17$aSuzuki, Keikun,$d1854-1938$2fast$0(OCoLC)fst00071427
=650  \7$aTravel.$2fast$0(OCoLC)fst01155558
=650  07$6880-07$aNan'yō-Kikō annaiki.$2jlabsh/4
=651  \0$aIslands of the Pacific$xDescription and travel.
=651  \7$aPacific Ocean$zIslands of the Pacific.$2fast$0(OCoLC)fst01244201
=700  1\$6880-08$aMori, Hisao,$d1949-
=773  0\$tJapanKnowledge
=776  08$iPrint version:$aSuzuki, Keikun, 1854-1938.$tNan'yō tanken jikki.$dTōkyō : Heibonsha, 1980
=830  \0$6880-09$aTōyō bunko$v391.
=856  40$3JapanKnowledge$uhttp://japanknowledge.com/lib/display/?lid=80010V0391P0002$yJapanKnowledge Lib
=880  1\$6100-01/{dollar}1$a鈴木経勲,$d1854-1938.
=880  10$6245-02/{dollar}1$a南洋探検実記 /$c鈴木経勲著 ; 森久男解說.
=880  \\$6250-03/{dollar}1$a初版.
=880  \\$6260-04/{dollar}1$a東京 :$b平凡社,$c1980.
=880  1\$6490-05/{dollar}1$a東洋文庫 ;$v391
=880  14$6600-06/{dollar}1$a鈴木経勲,$d1854-1938.
=880  07$6650-07/{dollar}1$a南洋-紀行・案内記.$2jlabsh/4
=880  1\$6700-08/{dollar}1$a森久男,$d1949-
=880  \0$6830-09/{dollar}1$a東洋文庫 ;$v391.
=859  \\$aORR$bJapanKnowledge
=CAT  \\$aW1704-1242$b00$c20170509$lBLL01$h0927
=CAT  \\$aBATCH-UPD$b00$c20170509$lBLL01$h0934
=CAT  \\$aBATCH-UPD$b00$c20170509$lBLL01$h0939
=CAT  \\$aW2003-0365$c20200305$lBLL01$h1101
=FIN  \\$aY$d20170509
=SID  \\$aZ30$bOCLC
=SRC  \\$aJapanKnowledge_2017$bJK_OCLC20170203.mrc
=LAS  \\$aW2003-0365$b00$c20200305$lBLL01$h1101

