=LDR  02202 am a22005414i 4500
=001  018338115
=003  Uk
=005  20170106043010.0
=006  m\\\\\o\\d\\\\\\\\
=007  cr\|||||||||||
=008  151112s2001\\\\ja\a\\\\od\\\\000\0\jpn\d
=FMT  \\$a  BK
=020  \\$z4095060719
=020  \\$z9784095060712
=035  \\$a(OCoLC)928950248
=040  \\$aYUS$beng$cYUS$dOCLCO$dYUS$dOCLCO$dUk$erda$epn
=041  0\$ajpn$ager
=050  \4$aPL681.G5$bP65 2001
=245  00$6880-01$aPoketto puroguresshibu Doku-wa Wa-doku jiten =$bTaschenwörterbuch Deutsch-Japanisch Japanisch-Deutsch /$chensha Nakayama Jun.
=246  30$6880-05$aDoku-wa Wa-doku jiten.
=246  31$aTaschenwörterbuch Deutsch-Japanisch Japanisch-Deutsch.
=264  \1$6880-03$aTōkyō :$bShōgakukan,$c2001.
=300  \\$a1 online resource
=336  \\$atext$btxt$2rdacontent
=337  \\$acomputer$bc$2rdamedia
=338  \\$aonline resource$bcr$2rdacarrier
=588  \\$aDescription based on print version.
=650  \0$aGerman language$vDictionaries$xJapanese.
=650  \0$aJapanese language$vDictionaries$xGerman.
=650  \7$aGerman language.$2fast$0(OCoLC)fst00941408
=650  \7$aJapanese language.$2fast$0(OCoLC)fst00981565
=655  \7$aDictionaries.$2fast$0(OCoLC)fst01423826
=700  1\$6880-04$aNakayama, Jun,$d1950-
=773  0\$tJapanKnowledge
=776  08$iPrint version:$tPoketto puroguresshibu Doku-wa Wa-doku jiten
=856  40$3JapanKnowledge$uhttp://japanknowledge.com/lib/search/basic/index.html?cids=42150%2C42151$yJapanKnowledge Lib
=880  00$6245-01$aポケットプログレッシブ独和・和独辞典 =$bTaschenwörterbuch Deutsch-Japanisch Japanisch-Deutsch /$c編著中山純.
=880  30$6246-05$a独和・和独辞典.
=880  \1$6264-03$a東京 :$b小学館,$c2001.
=880  1\$6700-04$a中山純,$d1950-
=859  \\$aORR$bJapanKnowledge
=CAT  \\$aW1704-1242$b00$c20170509$lBLL01$h0927
=CAT  \\$aBATCH-UPD$b00$c20170509$lBLL01$h0934
=CAT  \\$aW2003-0365$c20200305$lBLL01$h1101
=FIN  \\$aY$d20170509
=SID  \\$aZ30$bOCLC
=SRC  \\$aJapanKnowledge_2017$bJK_OCLC20170203.mrc
=LAS  \\$aW2003-0365$b00$c20200305$lBLL01$h1101

