=LDR  02673 am a22006254i 4500
=001  018338116
=003  Uk
=005  20170106043011.0
=006  m\\\\\o\\d\\\\\\\\
=007  cr\|||||||||||
=008  160115s1972\\\\ja\\\\\\ob\\\\000\0\jpn\d
=FMT  \\$a  BK
=020  \\$z4560051933
=020  \\$z9784560051931
=035  \\$a(OCoLC)934799025
=040  \\$aSTF$beng$cYUS$dOCLCO$dYUS$dOCLCO$dOCLCF$dUk$erda$epn
=041  1\$ajpn$hfre
=050  \4$aBD112$b.G7163 1972
=100  10$aGrégoire, François,$eauthor.
=240  10$aGrands problèmes métaphysiques.$lJapanese
=245  00$6880-01$aTetsugaku nyūmon /$cFuransowa Guregowāru cho ; Nakamura Yūjirō yaku.
=264  \1$6880-02$aTōkyō :$bHakusuisha,$c1972.
=300  \\$a1 online resource.
=336  \\$atext$btxt$2rdacontent
=337  \\$acomputer$bc$2rdamedia
=338  \\$aonline resource$bcr$2rdacarrier
=490  1\$6880-03$aBunko kuseju ;$v193
=500  \\$aTranslation of: Les grands problèmes métaphysiques. Paris : Presses universitaires de France, 1966.
=504  \\$aIncludes bibliographical references.
=588  \\$aDescription based on print version record.
=650  \0$aMetaphysics.
=650  \7$aMetaphysics.$2fast$0(OCoLC)fst01018304
=700  1\$aNakamura, Yūjirō,$d1925-2017.
=730  0\$aGrands problémes. rev. et augm.
=773  0\$tJapanKnowledge
=776  08$6880-05$iPrint version:$aGrégoire, François.$sGrands problèmes métaphysiques. Japanese.$tTetsugaku nyūmon.$dTōkyō : Hakusuisha, 1972
=830  \0$6880-06$aBunko kuseju$v193.
=856  40$3JapanKnowledge$uhttp://japanknowledge.com/lib/display/?lid=8021001930000$yJapanKnowledge Lib
=880  10$6245-01$a哲学入門 /$cフランソワ・グレゴワール著 ; 中村雄二郎訳.
=880  \1$6264-02$a東京 :$b白水社,$c1972.
=880  1\$6490-03$a文庫クセジュ ;$v193
=880  1\$6700-04$a中村雄二郎,$d1925-$etranslator.
=880  08$6776-05$iPrint version:$aGrégoire, François.$sGrands problèmes métaphysiques. Japanese.$t哲学入門.$d東京 : 白水社, 1972$w(OCoLC)33550086
=880  \0$6830-06$a文庫クセジュ ;$v193.
=859  \\$aORR$bJapanKnowledge
=CAT  \\$aW1704-1242$b00$c20170509$lBLL01$h0927
=CAT  \\$aBATCH-UPD$b00$c20170509$lBLL01$h0934
=CAT  \\$aBATCH-UPD$b00$c20170509$lBLL01$h0939
=CAT  \\$a14633$b40$c20171127$lBLL01$h1356
=CAT  \\$aBATCH-UPD$b40$c20171127$lBLL01$h1402
=CAT  \\$aW2003-0365$c20200305$lBLL01$h1101
=FIN  \\$aY$d20170509
=SID  \\$aZ30$bOCLC
=SRC  \\$aJapanKnowledge_2017$bJK_OCLC20170203.mrc
=LAS  \\$aW2003-0365$b00$c20200305$lBLL01$h1101

