=LDR  02782 am a22006257a 4500
=001  018338117
=003  Uk
=005  20170106043011.0
=006  m\\\\\o\\d\\\\\\\\
=007  cr\|||||||||||
=008  100420m19711974ja\\\\\\ob\\\\000\0\jpn\d
=FMT  \\$a  BK
=019  \\$a298022878$a659510819
=035  \\$a(OCoLC)608385483$z(OCoLC)298022878$z(OCoLC)659510819
=040  \\$aOCLCE$beng$cOCLCE$dOCLCQ$dCUS$dOCLCQ$dOCLCF$dOCLCO$dYUS$dOCLCO$dOCLCA$dYUS$dOCLCO$dOCLCQ$dOCL$dYUS$dOCLCO$dUk$epn
=042  \\$adlr
=050  \4$aPL726.2$b.F77 1971
=100  1\$6880-01$aFujioka, Sakutarō,$d1870-1910
=245  10$6880-02$aKokubungaku zenshi.$pHeianchō hen /$cFujioka Sakutarō ; Akiyama Ken [and others] kōchū.
=250  \\$6880-03$aShohan.
=260  \\$6880-04$aTōkyō :$bHeibonsha,$cShōwa 46-49 [1971-1974]
=300  \\$a1 online resource (2 volumes).
=336  \\$atext$btxt$2rdacontent
=337  \\$acomputer$bc$2rdamedia
=338  \\$aonline resource$bcr$2rdacarrier
=490  1\$6880-05$aTōyō bunko ;$v198, 247
=504  \\$aIncludes bibliographical references.
=588  0\$aPrint version record.
=648  \7$a794-1185$2fast
=650  \0$aJapanese literature$yHeian period, 794-1185$xHistory and criticism.
=650  \7$aJapanese literature$xHeian period.$2fast$0(OCoLC)fst01710986
=655  \7$aCriticism, interpretation, etc.$2fast$0(OCoLC)fst01411635
=700  1\$6880-06$aAkiyama, Ken,$d1924-2015
=773  0\$tJapanKnowledge
=776  08$iPrint version:$aFujioka, Sakutarō, 1870-1910.$tKokubungaku zenshi. Heianchō hen.$dTōkyō : Heibonsha, Shōwa 46-49 [1971-1974]
=830  \0$6880-07$aTōyō bunko$v198, 247.
=856  40$3JapanKnowledge Volume 1$uhttp://japanknowledge.com/lib/display/?lid=80010V0198P0002$yJapanKnowledge Lib
=856  40$3JapanKnowledge Volume 2$uhttp://japanknowledge.com/lib/display/?lid=80010V0247P0002$yJapanKnowledge Lib
=880  1\$6100-01/{dollar}1$a藤岡作太郎,$d1870-1910.
=880  10$6245-02/{dollar}1$a国文学全史.$p平安朝篇 /$c藤岡作太郎 ; 秋山虔 [and others]校注.
=880  \\$6250-03/{dollar}1$a初版.
=880  \\$6260-04/{dollar}1$a東京 :$b平凡社,$c昭和46-49 [1971-1974]
=880  1\$6490-05/{dollar}1$a東洋文庫 ;$v198, 247
=880  0\$6505-00/{dollar}1$a1-2, 平安朝篇 1-2.
=880  1\$6700-06/{dollar}1$a秋山虔,$d1924-
=880  \0$6830-07/{dollar}1$a東洋文庫 ;$v198, 247.
=859  \\$aORR$bJapanKnowledge
=CAT  \\$aW1704-1242$b00$c20170509$lBLL01$h0927
=CAT  \\$aBATCH-UPD$b00$c20170509$lBLL01$h0934
=CAT  \\$aBATCH-UPD$b00$c20170509$lBLL01$h0939
=CAT  \\$aW2003-0365$c20200305$lBLL01$h1101
=FIN  \\$aY$d20170509
=SID  \\$aZ30$bOCLC
=SRC  \\$aJapanKnowledge_2017$bJK_OCLC20170203.mrc
=LAS  \\$aW2003-0365$b00$c20200305$lBLL01$h1101

