=LDR  02200 am a22005774i 4500
=001  018338118
=003  Uk
=005  20170106043011.0
=006  m\\\\\o\\d\\\\\\\\
=007  cr\|||||||||||
=008  151113s1977\\\\ja\\\\\\o\\\\\000\0\jpn\d
=FMT  \\$a  BK
=020  \\$z4560056021
=020  \\$z9784560056028
=035  \\$a(OCoLC)929029014
=040  \\$aWTU$beng$cYUS$dOCLCO$dYUS$dOCLCO$dOCLCF$dOCL$dUk$erda$epn
=041  1\$ajpn$hfre
=100  1\$aPalanque, Jean-Rémy,$d1898-1988,$eauthor.
=240  10$aLe Bas-Empire.$lJapanese
=245  10$6880-01$aMakki Rōma Teikoku /$cJan-Remi Paranku cho ; Kuno Hiroshi yaku.
=264  \1$6880-02$aTōkyō :$bHakusuisha,$c1977.
=300  \\$a1 online resource.
=336  \\$atext$btxt$2rdacontent
=337  \\$acomputer$bc$2rdamedia
=338  \\$aonline resource$bcr$2rdacarrier
=490  1\$6880-03$aBunko kuseju ;$v602
=588  \\$aDescription based on print version.
=648  \7$a284-476$2fast
=651  \0$aRome$xHistory$yEmpire, 284-476.
=651  \7$aRome (Empire)$2fast$0(OCoLC)fst01204885
=655  \7$aHistory.$2fast$0(OCoLC)fst01411628
=700  1\$6880-04,$aKuno, Hiroshi.$etranslator.
=700  1\$iTranslation of:$aPalanque, Jean-Rémy,$d1898-1988.$tLe Bas-Empire.
=773  0\$tJapanKnowledge
=776  08$iPrint version:$tMakki rōma teikoku
=830  \0$6880-05$aBunko kuseju$v602.
=856  40$3JapanKnowledge$uhttp://japanknowledge.com/lib/display/?lid=8021006020000$yJapanKnowledge Lib
=880  10$6245-01/{dollar}1$a末期ローマ帝国 /$cジャン=レミ・パランク著 ; 久野浩訳.
=880  \1$6264-02/{dollar}1$a東京 :$b白水社,$c1977.
=880  1\$6490-03/{dollar}1$a文庫クセジュ ;$v602
=880  1\$6700-04/{dollar}1$a久野浩,$etranslator.
=880  \0$6830-05/{dollar}1$a文庫クセジュ ;$v602.
=859  \\$aORR$bJapanKnowledge
=CAT  \\$aW1704-1242$b00$c20170509$lBLL01$h0927
=CAT  \\$aBATCH-UPD$b00$c20170509$lBLL01$h0934
=CAT  \\$aBATCH-UPD$b00$c20170509$lBLL01$h0939
=CAT  \\$aW2003-0365$c20200305$lBLL01$h1101
=FIN  \\$aY$d20170509
=SID  \\$aZ30$bOCLC
=SRC  \\$aJapanKnowledge_2017$bJK_OCLC20170203.mrc
=LAS  \\$aW2003-0365$b00$c20200305$lBLL01$h1101

