=LDR  02553 am a22006254i 4500
=001  018338119
=003  Uk
=005  20170106043012.0
=006  m\\\\\o\\d\\\\\\\\
=007  cr\|||||||||||
=008  160115s2002\\\\ja\\\\\\ob\\\\001\0\jpn\d
=FMT  \\$a  BK
=020  \\$z4560058512
=020  \\$z9784560058510
=035  \\$a(OCoLC)934799082
=040  \\$aSTF$beng$cYUS$dOCLCO$dYUS$dOCLCO$dOCLCF$dUk$erda$epn
=041  1\$ajpn$hfre
=050  \4$aN67$b.L3163 2002
=100  1\$aLacoste, Jean,$eauthor.
=240  10$aPhilosophie de l'art.$lJapanese
=245  10$6880-01$aGeijutsu tetsugaku nyūmon /$cJan Rakosuto cho ; Abe Shigeki yaku.
=264  \1$6880-02$aTokyo :$bHakusuisha,$c2002.
=300  \\$a1 online resource.
=336  \\$atext$btxt$2rdacontent
=337  \\$acomputer$bc$2rdamedia
=338  \\$aonline resource$bcr$2rdacarrier
=490  1\$6880-03$aBunko kuseju ;$v851
=500  \\$aTranslation of: La philosophie de l'art. Paris : Presses universitaires de France, 1998.
=504  \\$aIncludes bibliographical references.
=588  \\$aDescription based on print version record.
=650  \0$aArt$xPhilosophy.
=650  \0$aAesthetics.
=650  \7$6880-04$aGeijutsu.$2jlabsh
=650  \7$aAesthetics.$2fast$0(OCoLC)fst00798702
=650  \7$aArt$xPhilosophy.$2fast$0(OCoLC)fst00815307
=700  1\$6880-05$aAbe, Shigeki,$d1962-$etranslator.
=773  0\$tJapanKnowledge
=776  08$6880-06$iPrint version:$aLacoste, Jean.$sPhilosophie de l'art. Japanese.$tGeijutsu tetsugaku nyūmon.$dTōkyō : Hakusuisha, 2002
=830  \0$6880-07$aBunko kuseju$v851.
=856  40$3JapanKnowledge$uhttp://japanknowledge.com/lib/display/?lid=8021008510000$yJapanKnowledge Lib
=880  10$6245-01$a芸術哲学入門 /$cジャン・ラコスト著 ; 阿部成樹訳.
=880  \1$6264-02$a東京 :$b白水社,$c2002.
=880  1\$6490-03$a文庫クセジュ ;$v851
=880  \7$6650-04$a芸術.$2jlabsh
=880  1\$6700-05$a阿部成樹,$d1962-$etranslator.
=880  08$6776-06$iPrint version:$aLacoste, Jean.$sPhilosophie de l'art. Japanese.$t芸術哲学入門.$d東京 : 白水社, 2002$w(OCoLC)123035080
=880  \0$6830-07$a文庫クセジュ ;$v851.
=859  \\$aORR$bJapanKnowledge
=CAT  \\$aW1704-1242$b00$c20170509$lBLL01$h0927
=CAT  \\$aBATCH-UPD$b00$c20170509$lBLL01$h0934
=CAT  \\$aW2003-0365$c20200305$lBLL01$h1101
=FIN  \\$aY$d20170509
=SID  \\$aZ30$bOCLC
=SRC  \\$aJapanKnowledge_2017$bJK_OCLC20170203.mrc
=LAS  \\$aW2003-0365$b00$c20200305$lBLL01$h1101

