=LDR  02689 am a22006374i 4500
=001  018338120
=003  Uk
=005  20170106043012.0
=006  m\\\\\o\\d\\\\\\\\
=007  cr\|||||||||||
=008  151113s1953\\\\ja\\\\\\o\\\\\001\0\jpn\d
=FMT  \\$a  BK
=020  \\$z4560051070
=020  \\$z9784560051078
=035  \\$a(OCoLC)929028978
=040  \\$aSTF$beng$cYUS$dOCLCO$dYUS$dOCLCO$dOCLCF$dUk$erda$epn
=041  1\$ajpn$hfre
=050  \4$aB79$b.D8163 1953
=100  1\$aDucassé, Pierre,$d1905-1983,$eauthor.
=240  10$aGrandes philosophies.$lJapanese
=245  10$6880-01$aSekai tetsugakushi /$cPierre Ducassé cho ; Kushida Magoichi ; Watanabe Shū kyōyaku.
=264  \1$6880-02$aTōkyō :$bHakusuisha,$c1953.
=300  \\$a1 online resource (132, 4 pages).
=336  \\$atext$btxt$2rdacontent
=337  \\$acomputer$bc$2rdamedia
=338  \\$aonline resource$bcr$2rdacarrier
=490  1\$6880-03$aBunko kuseju ;$v107
=500  \\$aIncludes index.
=500  \\$aTranslation of: Les grandes philosophies.
=588  \\$aDescription based on print version record.
=650  \0$aPhilosophy$xHistory.
=650  \7$aPhilosophy.$2fast$0(OCoLC)fst01060777
=655  \7$aHistory.$2fast$0(OCoLC)fst01411628
=700  1\$6880-04,$aKushida, Magoichi,$d1915-2005$etranslator.
=700  1\$6880-05$aWatanabe, Shū,$d1916-,$etranslator.
=773  0\$tJapanKnowledge
=776  08$6880-06$iPrint version:$aDucassé, Pierre, 1905-$sGrandes philosophies. Japanese.$tSekai tetsugakushi.$dTōkyō : Hakusuisha, 1953
=830  \0$6880-07$aBunko kuseju$v107.
=856  40$3JapanKnowledge$uhttp://japanknowledge.com/lib/display/?lid=8021001070000$yJapanKnowledge Lib
=880  10$6245-01$a世界哲学史 /$cピエール・デュカセ著 ; 串田孫一, 渡辺秀共訳.
=880  \1$6264-02$a東京 :$b白水社,$c1953.
=880  1\$6490-03$a文庫クセジュ ;$v107
=880  1\$6700-04$a串田孫一,$d1915- 2005,$etranslator.
=880  1\$6700-05$a渡辺秀,$d1916-,$etranslator.
=880  08$6776-06$iPrint version:$aDucassé, Pierre, 1905-$sGrandes philosophies. Japanese.$t世界哲学史.$d東京 : 白水社, 1953$w(OCoLC)33654100
=880  \0$6830-07$a文庫クセジュ ;$v107.
=859  \\$aORR$bJapanKnowledge
=CAT  \\$aW1704-1242$b00$c20170509$lBLL01$h0927
=CAT  \\$aBATCH-UPD$b00$c20170509$lBLL01$h0934
=CAT  \\$aBATCH-UPD$b00$c20170509$lBLL01$h0939
=CAT  \\$aBATCH-UPD$b00$c20191205$lBLL01$h2028
=CAT  \\$aW2003-0365$c20200305$lBLL01$h1101
=FIN  \\$aY$d20170509
=SID  \\$aZ30$bOCLC
=SRC  \\$aJapanKnowledge_2017$bJK_OCLC20170203.mrc
=LAS  \\$aW2003-0365$b00$c20200305$lBLL01$h1101

