=LDR  02328 am a22006017a 4500
=001  018338121
=003  Uk
=005  20170106043012.0
=006  m\\\\\o\\d\\\\\\\\
=007  cr\|||||||||||
=008  100325s1987\\\\ja\\\\\\o\\\\\000\0bjpn\d
=FMT  \\$a  BK
=020  \\$z4582804772
=020  \\$z9784582804775
=035  \\$a(OCoLC)571958424
=040  \\$aOCLCE$beng$cOCLCE$dOCLCQ$dCUS$dOCLCQ$dOCLCF$dOCLCO$dYUS$dOCLCO$dYUS$dOCLCO$dOCLCQ$dYUS$dOCLCO$dUk$epn
=042  \\$adlr
=050  \4$aDS860.M49$bY36 1987
=100  1\$6880-01$aYamaji, Aizan,$d1865-1917
=245  10$6880-02$aMinamoto no Yoritomo :$bjidai daihyō Nihon eiyūden /$cYamaji Aizan.
=250  \\$6880-03$aShohan.
=260  \\$6880-04$aTōkyō :$bHeibonsha,$c1987.
=300  \\$a1 online resource (xxviii, 379, 16 pages).
=336  \\$atext$btxt$2rdacontent
=337  \\$acomputer$bc$2rdamedia
=338  \\$aonline resource$bcr$2rdacarrier
=490  1\$6880-05$aTōyō bunko ;$v477
=588  0\$aPrint version record.
=600  10$6880-06$aMinamoto, Yoritomo,$d1147-1199
=600  17$aMinamoto, Yoritomo,$d1147-1199$2fast$0(OCoLC)fst00073764
=650  \0$aShoguns$vBiography.
=650  \7$aShoguns.$2fast$0(OCoLC)fst01116798
=655  \7$aBiography.$2fast$0(OCoLC)fst01423686
=740  0\$aMinamoto Yoritomo.
=773  0\$tJapanKnowledge
=776  08$iPrint version:$aYamaji, Aizan, 1865-1917.$tMinamoto no Yoritomo.$bShohan.$dTōkyō : Heibonsha, 1987
=830  \0$6880-07$aTōyō bunko$v477.
=856  40$3JapanKnowledge$uhttp://japanknowledge.com/lib/display/?lid=80010V0477P0002$yJapanKnowledge Lib
=880  1\$6100-01/{dollar}1$a山路愛山,$d1865-1917.
=880  10$6245-02/{dollar}1$a源頼朝 :$b時代代表日本英雄伝 /$c山路愛山.
=880  \\$6250-03/{dollar}1$a初版.
=880  \\$6260-04/{dollar}1$a東京 :$b平凡社,$c1987.
=880  1\$6490-05/{dollar}1$a東洋文庫 ;$v477
=880  14$6600-06/{dollar}1$a源頼朝,$d1147-1199.
=880  \0$6830-07/{dollar}1$a東洋文庫 ;$v477.
=859  \\$aORR$bJapanKnowledge
=CAT  \\$aW1704-1242$b00$c20170509$lBLL01$h0927
=CAT  \\$aBATCH-UPD$b00$c20170509$lBLL01$h0934
=CAT  \\$aW2003-0365$c20200305$lBLL01$h1101
=FIN  \\$aY$d20170509
=SID  \\$aZ30$bOCLC
=SRC  \\$aJapanKnowledge_2017$bJK_OCLC20170203.mrc
=LAS  \\$aW2003-0365$b00$c20200305$lBLL01$h1101

