=LDR  02562 am a2200661 a 4500
=001  018338122
=003  Uk
=005  20170106043012.0
=006  m\\\\\o\\d\\\\\\\\
=007  cr\un|||||||||
=008  120214s1994\\\\ja\\\\\\ob\\\\000\0\jpn\d
=FMT  \\$a  BK
=020  \\$z4582805744
=020  \\$z9784582805741
=035  \\$a(OCoLC)776755850
=040  \\$aCUS$beng$cCUS$dOCLCQ$dOCLCF$dOCLCO$dYUS$dOCLCQ$dOCLCO$dYUS$dOCLCO$dOCLCQ$dYUS$dOCLCO$dUk
=043  \\$aa-ja---
=050  \4$aB5241$b.H37 1994
=100  1\$6880-01$aHara, Nensai,$d1774-1820
=245  10$6880-02$aSentetsu sōdan /$cHara Nensai ; Minamoto Ryōen, Maeda Tsutomu yakuchū.
=250  \\$6880-03$aShohan.
=260  \\$6880-04$aTōkyō :$bHeibonsha,$c1994.
=300  \\$a1 online resource (472 pages).
=336  \\$atext$btxt$2rdacontent
=337  \\$acomputer$bc$2rdamedia
=338  \\$aonline resource$bcr$2rdacarrier
=490  1\$6880-05$aTōyō bunko ;$v574
=504  \\$aIncludes bibliographical references.
=588  0\$aPrint version record.
=650  \0$aConfucianists$zJapan$vBiography.
=650  \0$aPhilosophers$zJapan$vBiography.
=650  \7$aConfucianists.$2fast$0(OCoLC)fst00875087
=650  \7$aPhilosophers.$2fast$0(OCoLC)fst01060746
=651  \7$aJapan.$2fast$0(OCoLC)fst01204082
=655  \7$aBiography.$2fast$0(OCoLC)fst01423686
=700  1\$6880-06$aMinamoto, Ryōen,$d1920-
=700  1\$6880-07$aMaeda, Tsutomu,$d1956-
=773  0\$tJapanKnowledge
=776  08$iPrint version:$aHara, Nensai, 1774-1820.$tSentetsu sōdan.$bShohan.$dTōkyō : Heibonsha, 1994$z4582805744
=830  \0$6880-08$aTōyō bunko$v574.
=856  40$3JapanKnowledge$uhttp://japanknowledge.com/lib/display/?lid=80010V0574P0002$yJapanKnowledge Lib
=880  1\$6100-01/{dollar}1$a原念斎,$d1774-1820.
=880  10$6245-02/{dollar}1$a先哲叢談 /$c原念斎 ; 源了圓, 前田勉訳注.
=880  \\$6250-03/{dollar}1$a初版.
=880  \\$6260-04/{dollar}1$a東京 :$b平凡社,$c1994.
=880  1\$6490-05/{dollar}1$a東洋文庫 ;$v574
=880  1\$6700-06/{dollar}1$a源了圓,$d1920-
=880  1\$6700-07/{dollar}1$a前田勉,$d1956-
=880  \0$6830-08/{dollar}1$a東洋文庫 ;$v574.
=859  \\$aORR$bJapanKnowledge
=CAT  \\$aW1704-1242$b00$c20170509$lBLL01$h0927
=CAT  \\$aBATCH-UPD$b00$c20170509$lBLL01$h0934
=CAT  \\$aBATCH-UPD$b00$c20170509$lBLL01$h0939
=CAT  \\$aW2003-0365$c20200305$lBLL01$h1101
=FIN  \\$aY$d20170509
=SID  \\$aZ30$bOCLC
=SRC  \\$aJapanKnowledge_2017$bJK_OCLC20170203.mrc
=LAS  \\$aW2003-0365$b00$c20200305$lBLL01$h1101

