=LDR  02558 am a22006257a 4500
=001  018338123
=003  Uk
=005  20170106043013.0
=006  m\\\\\o\\d\\\\\\\\
=007  cr\|||||||||||
=008  100629s1981\\\\ja\\\\\\o\\\\\001\0\jpn\d
=FMT  \\$a  BK
=019  \\$a297370826
=035  \\$a(OCoLC)644844538$z(OCoLC)297370826
=040  \\$aOCLCE$beng$cOCLCE$dCUS$dOCLCQ$dOCLCA$dOCLCQ$dOCLCF$dYUS$dOCLCO$dYUS$dOCLCO$dOCLCQ$dYUS$dOCLCO$dUk$epn
=042  \\$adlr
=050  \4$aAC145$b.T75 v.402
=100  1\$6880-01$aAndō, Shōeki,$dactive 1744-1763
=240  10$6880-02$aShizen shin'eidō.$kSelections
=245  10$6880-03$aKōhon Shizen shin'eidō /$cAndō Shōeki ; Yasunaga Toshinobu kyōchū.
=250  \\$6880-04$aShohan.
=260  \\$6880-05$aTōkyō :$bHeibonsha,$c1981.
=300  \\$a1 online resource (xvi, 411 pages).
=336  \\$atext$btxt$2rdacontent
=337  \\$acomputer$bc$2rdamedia
=338  \\$aonline resource$bcr$2rdacarrier
=490  1\$6880-06$aTōyō bunko ;$v402
=500  \\$aIncludes index.
=505  0\$6880-07$aDaijo -- Hōsei monogatari -- Ryōen tetsuron.
=588  0\$aPrint version record.
=650  \0$aPhilosophy of nature.
=650  \7$aPhilosophy of nature.$2fast$0(OCoLC)fst01060845
=700  1\$6880-08$aYasunaga, Toshinobu,$d1929-
=773  0\$tJapanKnowledge
=776  08$iPrint version:$aAndō, Shōeki, active 1744-1763.$sShizen shin'eidō. Selections.$tKōhon Shizen shin'eidō.$dTōkyō : Heibonsha, 1981
=830  \0$6880-09$aTōyō bunko$v402.
=856  40$3JapanKnowledge$uhttp://japanknowledge.com/lib/display/?lid=80010V0402P0002$yJapanKnowledge Lib
=880  1\$6100-01/{dollar}1$a安藤昌益,$dactive 1744-1763.
=880  10$6240-02/{dollar}1$a自然真営道.$kSelections
=880  10$6245-03/{dollar}1$a稿本自然真営道 /$c安藤昌益 ; 安永寿延校注.
=880  \\$6250-04/{dollar}1$a初版.
=880  \\$6260-05/{dollar}1$a東京 :$b平凡社,$c1981.
=880  1\$6490-06/{dollar}1$a東洋文庫 ;$v402
=880  0\$6505-07/{dollar}1$a大序 -- 法世物語 -- 良演哲論.
=880  1\$6700-08/{dollar}1$a安永寿延,$d1929-
=880  \0$6830-09/{dollar}1$a東洋文庫 ;$v402.
=859  \\$aORR$bJapanKnowledge
=CAT  \\$aW1704-1242$b00$c20170509$lBLL01$h0927
=CAT  \\$aBATCH-UPD$b00$c20170509$lBLL01$h0934
=CAT  \\$aBATCH-UPD$b00$c20170509$lBLL01$h0939
=CAT  \\$aW2003-0365$c20200305$lBLL01$h1101
=FIN  \\$aY$d20170509
=SID  \\$aZ30$bOCLC
=SRC  \\$aJapanKnowledge_2017$bJK_OCLC20170203.mrc
=LAS  \\$aW2003-0365$b00$c20200305$lBLL01$h1101

