=LDR  03440 am a22007217a 4500
=001  018338124
=003  Uk
=005  20170106043013.0
=006  m\\\\\o\\d\\\\\\\\
=007  cr\un|||||||||
=008  120329m19961998ja\\\\\\ob\\\\000\0\jpn\d
=FMT  \\$a  BK
=020  \\$z4582806058$q(v. 1)
=020  \\$z4582806104$q(v. 2)
=020  \\$z4582806171$q(v. 3)
=020  \\$z9784582806052$q(v. 1)
=020  \\$z9784582806106$q(v. 2)
=020  \\$z9784582806175$q(v. 3)
=035  \\$a(OCoLC)781970718
=040  \\$aCUS$beng$cCUS$dOCLCQ$dOCLCF$dYUS$dOCLCQ$dOCLCO$dYUS$dOCLCO$dOCLCQ$dYUS$dOCLCO$dUk
=041  1\$ajpn$bchi
=100  1\$6880-01$aXie, Zhaozhe,$d1567-1624
=240  10$6880-02$aWu za zu.$lJapanese
=245  10$6880-03$aGozasso /$cSha Chōsetsu cho ; Iwaki Hideo yakuchū.
=250  \\$6880-04$aShohan.
=260  \\$6880-05$aTōkyō :$bHeibonsha,$c1996-1998.
=300  \\$a1 online resource (8 volumes).
=336  \\$atext$btxt$2rdacontent
=337  \\$acomputer$bc$2rdamedia
=338  \\$aonline resource$bcr$2rdacarrier
=490  1\$6880-06$aTōyō Bunko ;$v605, 610, 617, 623, 629, 633, 640, 646
=504  \\$aIncludes bibliographical references.
=588  0\$aPrint version record.
=650  \0$aEncyclopedias and dictionaries, Chinese.
=650  \7$aEncyclopedias and dictionaries, Chinese.$2fast$0(OCoLC)fst00909561
=700  1\$6880-07$aIwaki, Hideo,$d1923-
=773  0\$tJapanKnowledge
=776  08$iPrint version:$aXie, Zhaozhe, 1567-1624.$sWu za zu. Japanese.$tGozasso.$bShohan.$dTōkyō : Heibonsha, 1996-$z4582806058
=830  \0$6880-08$aTōyō bunko$v605, 610, 617, 623, 629, 633, 640, 646.
=856  40$3JapanKnowledge Volume 8$uhttp://japanknowledge.com/lib/display/?lid=80010V0646P0002$yJapanKnowledge Lib
=856  40$3JapanKnowledge Volume 1$uhttp://japanknowledge.com/lib/display/?lid=80010V0605P0002$yJapanKnowledge Lib
=856  40$3JapanKnowledge Volume 2$uhttp://japanknowledge.com/lib/display/?lid=80010V0610P0002$yJapanKnowledge Lib
=856  40$3JapanKnowledge Volume 3$uhttp://japanknowledge.com/lib/display/?lid=80010V0617P0002$yJapanKnowledge Lib
=856  40$3JapanKnowledge Volume 4$uhttp://japanknowledge.com/lib/display/?lid=80010V0623P0002$yJapanKnowledge Lib
=856  40$3JapanKnowledge Volume 5$uhttp://japanknowledge.com/lib/display/?lid=80010V0629P0002$yJapanKnowledge Lib
=856  40$3JapanKnowledge Volume 6$uhttp://japanknowledge.com/lib/display/?lid=80010V0633P0002$yJapanKnowledge Lib
=856  40$3JapanKnowledge Volume 7$uhttp://japanknowledge.com/lib/display/?lid=80010V0640P0002$yJapanKnowledge Lib
=880  1\$6100-01/{dollar}1$a謝肇淛,$d1567-1624.
=880  10$6240-02/{dollar}1$a五雑俎.$lJapanese
=880  10$6245-03/{dollar}1$a五雑組 /$c謝肇淛著 ; 岩城秀夫訳注.
=880  \\$6250-04/{dollar}1$a初版.
=880  \\$6260-05/{dollar}1$a東京 :$b平凡社,$c1996-1998.
=880  1\$6490-06/{dollar}1$a東洋文庫 ;$v605, 610, 617, 623, 629, 633, 640, 646
=880  1\$6700-07/{dollar}1$a岩城秀夫,$d1923-
=880  \0$6830-08/{dollar}1$a東洋文庫 ;$v605, 610, 617, 623, 629, 633, 640, 646.
=859  \\$aORR$bJapanKnowledge
=CAT  \\$aW1704-1242$b00$c20170509$lBLL01$h0927
=CAT  \\$aBATCH-UPD$b00$c20170509$lBLL01$h0934
=CAT  \\$aW2003-0365$c20200305$lBLL01$h1101
=FIN  \\$aY$d20170509
=SID  \\$aZ30$bOCLC
=SRC  \\$aJapanKnowledge_2017$bJK_OCLC20170203.mrc
=LAS  \\$aW2003-0365$b00$c20200305$lBLL01$h1101

