=LDR  02079 am a22005534i 4500
=001  018338125
=003  Uk
=005  20170106043014.0
=006  m\\\\\o\\d\\\\\\\\
=007  cr\|||||||||||
=008  151113s1969\\\\ja\\\\\\ob\\\\000\0\jpn\d
=FMT  \\$a  BK
=020  \\$z4560054584
=020  \\$z9784560054581
=035  \\$a(OCoLC)929029083
=040  \\$aWTU$beng$cYUS$dOCLCO$dYUS$dOCLCO$dOCLCF$dUk$erda$epn
=041  1\$ajpn$hfre
=100  1\$aBossuat, André,$eauthor.
=240  10$aJeanne d'Arc.$lJapanese
=245  10$6880-01$aJannu Daruku /$cAndore Boshua cho ; Niikura Shun'ichi yaku.
=264  \1$6880-02$aTōkyō :$bHakusuisha,$c1969.
=300  \\$a1 online resource.
=336  \\$atext$btxt$2rdacontent
=337  \\$acomputer$bc$2rdamedia
=338  \\$aonline resource$bcr$2rdacarrier
=490  1\$6880-03$aBunko kuseju ;$v458
=504  \\$aIncludes bibliographical references.
=588  \\$aDescription based on print version.
=600  00$aJoan,$cof Arc, Saint,$d1412-1431.
=600  07$aJoan,$cof Arc, Saint,$d1412-1431$2fast$0(OCoLC)fst00032981
=700  1\$6880-04$aNiikura, Shun'ichi,$etranslator.
=700  1\$iTranslation of:$aBossuat, André.$tJeanne d'Arc.
=773  0\$tJapanKnowledge
=776  08$iPrint version:$tJeanne d'Arc
=830  \0$6880-05$aBunko kuseju$v458.
=856  40$3JapanKnowledge$uhttp://japanknowledge.com/lib/display/?lid=8021004580000$yJapanKnowledge Lib
=880  10$6245-01$aジャンヌ・ダルク /$cアンドレ・ボシュア著 ; 新倉俊一訳.
=880  \1$6264-02$a東京 :$b白水社,$c1969.
=880  1\$6490-03$a文庫クセジュ ;$v458
=880  1\$6700-04$a新倉俊一,$etranslator.
=880  \0$6830-05$a文庫クセジュ ;$v458.
=859  \\$aORR$bJapanKnowledge
=CAT  \\$aW1704-1242$b00$c20170509$lBLL01$h0927
=CAT  \\$aBATCH-UPD$b00$c20170509$lBLL01$h0934
=CAT  \\$aW2003-0365$c20200305$lBLL01$h1101
=FIN  \\$aY$d20170509
=SID  \\$aZ30$bOCLC
=SRC  \\$aJapanKnowledge_2017$bJK_OCLC20170203.mrc
=LAS  \\$aW2003-0365$b00$c20200305$lBLL01$h1101

