=LDR  02519 am a22006617a 4500
=001  018338126
=003  Uk
=005  20170106043014.0
=006  m\\\\\o\\d\\\\\\\\
=007  cr\|||||||||||
=008  100630s1978\\\\ja\\\\\\o\\\\\001\0\jpn\d
=FMT  \\$a  BK
=019  \\$a300638189
=035  \\$a(OCoLC)645454899$z(OCoLC)300638189
=040  \\$aOCLCE$beng$cOCLCE$dCUS$dOCLCQ$dOCLCO$dOCLCF$dYUS$dOCLCO$dYUS$dOCLCO$dOCLCQ$dYUS$dOCLCO$dUk$epn
=042  \\$adlr
=043  \\$aa-ja---
=050  \4$aBQ8749.R464$bO36 1978 <Orien Japan>
=100  0\$6880-01$aRennyo,$d1415-1499
=245  10$6880-02$aOfumi /$cRennyo ; Izumoji Osamu kōchū.
=260  \\$6880-03$aTōkyō :$bHeibonsha,$c1978.
=300  \\$a1 online resource (374, 18 pages).
=336  \\$atext$btxt$2rdacontent
=337  \\$acomputer$bc$2rdamedia
=338  \\$aonline resource$bcr$2rdacarrier
=490  1\$6880-04$aTōyō bunko ;$v345
=500  \\$aIncludes index.
=588  0\$aPrint version record.
=600  00$6880-05$aRennyo,$d1415-1499
=600  07$aRennyo,$d1415-1499$2fast$0(OCoLC)fst00080018
=650  \0$aShin (Sect)$xDoctrines.
=650  \0$aShin priests$zJapan$vCorrespondence.
=650  \7$aShin (Sect)$xDoctrines.$2fast$0(OCoLC)fst01116012
=650  \7$aShin priests.$2fast$0(OCoLC)fst01732959
=651  \7$aJapan.$2fast$0(OCoLC)fst01204082
=655  \7$aRecords and correspondence.$2fast$0(OCoLC)fst01423917
=700  1\$6880-06$aIzumoji, Osamu,$d1948-
=773  0\$tJapanKnowledge
=776  08$iPrint version:$aRennyo, 1415-1499.$tOfumi.$dTōkyō : Heibonsha, 1978
=830  \0$6880-07$aTōyō bunko$v345.
=856  40$3JapanKnowledge$uhttp://japanknowledge.com/lib/display/?lid=80010V0345P0002$yJapanKnowledge Lib
=880  0\$6100-01/{dollar}1$a蓮如,$d1415-1499.
=880  10$6245-02/{dollar}1$a御ふみ /$c蓮如 ; 出雲路修校注.
=880  \\$6260-03/{dollar}1$a東京 :$b平凡社,$c1978.
=880  \\$6250-00/{dollar}1$a初版.
=880  1\$6490-04/{dollar}1$a東洋文庫 ;$v345
=880  04$6600-05/{dollar}1$a蓮如,$d1415-1499.
=880  1\$6700-06/{dollar}1$a出雲路修,$d1948-
=880  0\$6730-00/{dollar}1$a五帖御文.
=880  \0$6830-07/{dollar}1$a東洋文庫 ;$v345.
=859  \\$aORR$bJapanKnowledge
=CAT  \\$aW1704-1242$b00$c20170509$lBLL01$h0927
=CAT  \\$aBATCH-UPD$b00$c20170509$lBLL01$h0934
=CAT  \\$aW2003-0365$c20200305$lBLL01$h1101
=FIN  \\$aY$d20170509
=SID  \\$aZ30$bOCLC
=SRC  \\$aJapanKnowledge_2017$bJK_OCLC20170203.mrc
=LAS  \\$aW2003-0365$b00$c20200305$lBLL01$h1101

