=LDR  02135 am a22005774i 4500
=001  018338127
=003  Uk
=005  20170106043014.0
=006  m\\\\\o\\d\\\\\\\\
=007  cr\|||||||||||
=008  151214s1991\\\\ja\\\\\\ob\\\\000\0\jpn\d
=FMT  \\$a  BK
=020  \\$z4560057176
=020  \\$z9784560057179
=035  \\$a(OCoLC)932129319
=040  \\$aCNEAL$beng$cYUS$dOCLCO$dOCLCF$dOCLCO$dUk$erda$epn
=041  1\$ajpn$hfre
=050  \4$aHC59.7$b.J675165 1991
=100  1\$aJouve, Edmond,$eauthor.
=240  10$aTiers monde.$lJapanese
=245  10$6880-01$aDaisan sekai /$cEdomondo Jūvu [cho] ; Ko Yon'i yaku.
=264  \1$6880-02$aTōkyō :$bHakusuisha,$c1991.
=300  \\$a1 online resource.
=336  \\$atext$btxt$2rdacontent
=337  \\$acomputer$bc$2rdamedia
=338  \\$aonline resource$bcr$2rdacarrier
=490  1\$6880-03$aBunko kuseju ;$v717
=500  \\$aTranslation of: Le tiers monde.
=504  \\$aIncludes bibliographical references.
=588  \\$aDescription based on print version.
=650  \7$aPolitics and government.$2fast$0(OCoLC)fst01919741
=651  \0$aDeveloping countries$xPolitics and government.
=651  \7$aDeveloping countries.$2fast$0(OCoLC)fst01242969
=700  1\$6880-04$aKo, Yon'i,$d1942-
=773  0\$tJapanKnowledge
=776  08$iPrint version:$tDaisan sekai.
=830  \0$6880-05$aBunko kuseju$v717.
=856  40$3JapanKnowledge$uhttp://japanknowledge.com/lib/display/?lid=8021007170000$yJapanKnowledge Lib
=880  10$6245-01/{dollar}1$a第三世界 /$cエドモン・ジューヴ[著] ; 高演義訳.
=880  \1$6264-02/{dollar}1$a東京 :$b白水社,$c1991.
=880  1\$6490-03/{dollar}1$a文庫クセジュ ;$v717
=880  1\$6700-04/{dollar}1$a高演義,$d1942-
=880  \0$6830-05/{dollar}1$a文庫クセジュ ;$v717.
=859  \\$aORR$bJapanKnowledge
=CAT  \\$aW1704-1242$b00$c20170509$lBLL01$h0927
=CAT  \\$aBATCH-UPD$b00$c20170509$lBLL01$h0934
=CAT  \\$aW2003-0365$c20200305$lBLL01$h1101
=FIN  \\$aY$d20170509
=SID  \\$aZ30$bOCLC
=SRC  \\$aJapanKnowledge_2017$bJK_OCLC20170203.mrc
=LAS  \\$aW2003-0365$b00$c20200305$lBLL01$h1101

