=LDR  02892 am a22007337a 4500
=001  018338128
=003  Uk
=005  20181018142901.0
=006  m\\\\\o\\d\\\\\\\\
=007  cr\|||||||||||
=008  100325s1987\\\\ja\\\\\\ob\\\\000\0\jpn\d
=FMT  \\$a  BK
=019  \\$a609720340
=020  \\$z4582804748
=020  \\$z9784582804744
=035  \\$a(OCoLC)570613569$z(OCoLC)609720340
=040  \\$aOCLCE$beng$cOCLCE$dOCLCQ$dCUS$dOCLCQ$dOCLCO$dOCLCQ$dOCLCF$dOCLCO$dYUS$dOCLCO$dYUS$dOCLCO$dOCLCQ$dYUS$dOCLCO$dUk$epn
=041  1\$ajpn$hchi
=042  \\$adlr
=043  \\$aa-cc---
=050  \4$aBL1812.R57$bP3612 1987
=100  1\$6880-01$aBan, Gu,$d32-92
=240  10$6880-02$aHan shu jiao si zhi.$lJapanese
=245  10$6880-03$aKanjo kōshishi /$cHan Ko ; Kano Naosada, Nishiaki Tsuneki yakuchū.
=250  \\$6880-04$aShohan.
=260  \\$6880-05$aTōkyō :$bHeibonsha,$c1987.
=300  \\$a1 online resource (248, 16 pages).
=336  \\$atext$btxt$2rdacontent
=337  \\$acomputer$bc$2rdamedia
=338  \\$aonline resource$bcr$2rdacarrier
=490  1\$6880-06$aTōyō bunko ;$v474
=504  \\$aIncludes bibliographical references.
=588  0\$aPrint version record.
=650  \0$aReligion and state$zChina$vEarly works to 1800.
=650  \0$aRites and ceremonies$zChina$vEarly works to 1800.
=650  \7$aReligion and state.$2fast$0(OCoLC)fst01093863
=650  \7$aRites and ceremonies.$2fast$0(OCoLC)fst01098216
=651  \7$aChina.$2fast$0(OCoLC)fst01206073
=655  \7$aEarly works.$2fast$0(OCoLC)fst01411636
=700  1\$aKano, Naosada,$d1929-2017.
=700  1\$6880-08$aNishiwaki, Tsuneki,$d1943-
=773  0\$tJapanKnowledge
=776  08$iPrint version:$aBan, Gu, 32-92.$sHan shu jiao si zhi. Japanese.$tKanjo kōshishi.$bShohan.$dTōkyō : Heibonsha, 1987
=830  \0$6880-09$aTōyō bunko$v474.
=856  40$3JapanKnowledge$uhttp://japanknowledge.com/lib/display/?lid=80010V0474P0002$yJapanKnowledge Lib
=880  1\$6100-01/{dollar}1$a班固,$d32-92.
=880  10$6240-02/{dollar}1$a漢書郊祀志.$lJapanese
=880  10$6245-03/{dollar}1$a漢書郊祀志 /$c班固 ; 狩野直禎, 西脇常記訳注.
=880  \\$6250-04/{dollar}1$a初版.
=880  \\$6260-05/{dollar}1$a東京 :$b平凡社,$c1987.
=880  1\$6490-06/{dollar}1$a東洋文庫 ;$v474
=880  1\$6700-07/{dollar}1$a狩野直禎,$d1929-
=880  1\$6700-08/{dollar}1$a西脇常記,$d1943-
=880  \0$6830-09/{dollar}1$a東洋文庫 ;$v474.
=859  \\$aORR$bJapanKnowledge
=CAT  \\$aW1704-1242$b00$c20170509$lBLL01$h0927
=CAT  \\$aBATCH-UPD$b00$c20170509$lBLL01$h0934
=CAT  \\$aBATCH-UPD$b00$c20170509$lBLL01$h0939
=CAT  \\$a10804$b40$c20181018$lBLL01$h1429
=CAT  \\$aW2003-0365$c20200305$lBLL01$h1101
=FIN  \\$aY$d20170509
=SID  \\$aZ30$bOCLC
=SRC  \\$aJapanKnowledge_2017$bJK_OCLC20170203.mrc
=LAS  \\$aW2003-0365$b00$c20200305$lBLL01$h1101

