=LDR  02175 am a22005894i 4500
=001  018338129
=003  Uk
=005  20170106043015.0
=006  m\\\\\o\\d\\\\\\\\
=007  cr\|||||||||||
=008  151214s1993\\\\ja\\\\\\o\\\\\000\0\jpn\d
=FMT  \\$a  BK
=020  \\$z456005746X
=020  \\$z9784560057469
=035  \\$a(OCoLC)932129344
=040  \\$aCNEAL$beng$cYUS$dOCLCO$dOCLCF$dUk$erda$epn
=041  1\$ajpn$hfre
=050  \4$aHD4903.5.F7$bD47165 1993
=100  1\$aDespax, Michel,$eauthor.
=240  10$aDroit du travail.$lJapanese
=245  10$6880-01$aRōdōhō /$cMisheru Desupakkusu cho ; Kamio Machiko, Noma Masaru kyōyaku.
=264  \1$6880-02$aTōkyō :$bHakusuisha,$c1993.
=300  \\$a1 online resource.
=336  \\$atext$btxt$2rdacontent
=337  \\$acomputer$bc$2rdamedia
=338  \\$aonline resource$bcr$2rdacarrier
=490  1\$6880-03$aBunko kuseju ;$v746
=500  \\$aTranslation of: Le droit du travail.
=588  \\$aDescription based on print version.
=650  \0$aRight to labor$zFrance.
=650  \7$aRight to labor.$2fast$0(OCoLC)fst01097919
=651  \7$aFrance.$2fast$0(OCoLC)fst01204289
=700  1\$6880-04$aKamio, Machiko.
=700  1\$6880-05$aNoma, Masaru,$d1949-
=773  0\$tJapanKnowledge
=776  08$iPrint version:$tRōdōhō.
=830  \0$6880-06$aBunko kuseju$v746.
=856  40$3JapanKnowledge$uhttp://japanknowledge.com/lib/display/?lid=8021007460000$yJapanKnowledge Lib
=880  10$6245-01/{dollar}1$a労働法 /$cミシェル・デスパックス著 ; 神尾真知子, 野間賢共訳.
=880  \1$6264-02/{dollar}1$a東京 :$b白水社,$c1993.
=880  1\$6490-03/{dollar}1$a文庫クセジュ ;$v746
=880  1\$6700-04/{dollar}1$a神尾真知子
=880  1\$6700-05/{dollar}1$a野間賢,$d1949-
=880  \0$6830-06/{dollar}1$a文庫クセジュ ;$v746.
=859  \\$aORR$bJapanKnowledge
=CAT  \\$aW1704-1242$b00$c20170509$lBLL01$h0927
=CAT  \\$aBATCH-UPD$b00$c20170509$lBLL01$h0934
=CAT  \\$aW2003-0365$c20200305$lBLL01$h1101
=FIN  \\$aY$d20170509
=SID  \\$aZ30$bOCLC
=SRC  \\$aJapanKnowledge_2017$bJK_OCLC20170203.mrc
=LAS  \\$aW2003-0365$b00$c20200305$lBLL01$h1101

