=LDR  04509 am a22010577a 4500
=001  018338130
=003  Uk
=005  20170106043015.0
=006  m\\\\\o\\d\\\\\\\\
=008  111024s2000\\\\ja\a\\\\ob\\\\001\0\jpn\d
=FMT  \\$a  BK
=019  \\$a928950147
=020  \\$z4096580422
=020  \\$z9784096580424
=035  \\$a(OCoLC)758353217$z(OCoLC)928950147
=040  \\$aOCLCE$beng$cOCLCE$dOCLCQ$dOCLCO$dOCLCQ$dOCLCF$dOCLCO$dYUS$dOCLCQ$dOCLCO$dYUS$dOCLCO$dUk$epn
=050  \4$aPL761.12$b.K34 2000
=130  0\$6880-01$aKagurauta.
=245  10$6880-02$aKagurauta, Saibara, Ryōjin hishō, Kanginshū /$ckōchū yaku Usuda Jingorō [and others].
=250  \\$6880-03$aDai 1-han.
=260  \\$6880-04$aTōkyō :$bShōgakkan,$c2000.
=300  \\$a1 online resource (542 pages) :$billustrations.
=336  \\$atext$btxt$2rdacontent
=337  \\$acomputer$bc$2rdamedia
=338  \\$aonline resource$bcr$2rdacarrier
=490  1\$6880-05$aShinpen Nihon koten bungaku zenshū ;$v42
=500  \\$6880-06$aGeppō inserted at end.
=504  \\$6880-07$aIncludes bibliographical references and index.
=588  0\$aPrint version record.
=630  00$aKagurauta.
=630  00$aSaibara fu.
=630  00$aRyōjin hishō.
=630  00$aKanginshū.
=630  07$aKagurauta.$2fast$0(OCoLC)fst01394954
=630  07$aKanginshū.$2fast$0(OCoLC)fst01362332
=630  07$aRyōjin hishō.$2fast$0(OCoLC)fst01368181
=630  07$aSaibara fu.$2fast$0(OCoLC)fst01791670
=648  \7$aTo 1600$2fast
=650  \0$aBallads, Japanese$vTexts.
=650  \0$aSongs, Japanese$vTexts.
=650  \0$aFolk poetry, Japanese.
=650  \0$aJapanese poetry$yTo 1600.
=650  \7$aBallads, Japanese.$2fast$0(OCoLC)fst00825930
=650  \7$aFolk poetry, Japanese.$2fast$0(OCoLC)fst00929537
=650  \7$aJapanese poetry.$2fast$0(OCoLC)fst00981898
=650  \7$aSongs, Japanese.$2fast$0(OCoLC)fst01126385
=655  \7$aTexts.$2fast$0(OCoLC)fst01423705
=700  1\$6880-08$aUsuda, Jingorō,$d1915-
=730  02$6880-09$aSaibara fu
=730  02$6880-10$aRyōjin hishō
=730  02$6880-11$aKanginshū
=740  02$6880-12$aSaibara fu.
=740  02$6880-13$aRyōjin hishō.
=740  02$6880-14$aKanginshū.
=773  0\$tJapanKnowledge
=776  08$iPrint version:$aKagurauta.$tKagurauta, Saibara, Ryōjin hishō, Kanginshū.$bDai 1-han.$dTōkyō : Shōgakkan, 2000
=830  \0$6880-15$aShinpen Nihon koten bungaku zenshū$v42.
=856  40$3JapanKnowledge Volume 1$uhttp://japanknowledge.com/lib/display/?lid=80110V00420015$yJapanKnowledge Lib
=856  40$3JapanKnowledge Volume 2$uhttp://japanknowledge.com/lib/display/?lid=80110V00420113$yJapanKnowledge Lib
=856  40$3JapanKnowledge Volume 3$uhttp://japanknowledge.com/lib/display/?lid=80110V00420173$yJapanKnowledge Lib
=856  40$3JapanKnowledge Volume 4$uhttp://japanknowledge.com/lib/display/?lid=80110V00420411$yJapanKnowledge Lib
=880  0\$6130-01/{dollar}1$a神樂歌.
=880  10$6245-02/{dollar}1$a神樂歌, 催馬樂, 梁塵祕抄, 閑吟集 /$c校注・訳臼田甚五郎 [and others].
=880  \\$6250-03/{dollar}1$a第1版.
=880  \\$6260-04/{dollar}1$a東京 :$b小学館,$c2000.
=880  \1$6264-00/{dollar}1$a東京 :$b小学館,$c2000.
=880  1\$6490-05/{dollar}1$a新編日本古典文学全集 ;$v42
=880  \\$6500-00/{dollar}1$a梁塵秘抄: 新間進一, 外村南都子校注・訳.
=880  \\$6500-00/{dollar}1$a神楽歌, 催馬楽: 臼田甚五郎校注・訳.
=880  \\$6500-00/{dollar}1$a付: 月報68 (8 p.).
=880  \\$6500-06/{dollar}1$a閑吟集: 徳江元正校注・訳.
=880  \\$6504-07/{dollar}1$a付: 参考文献.
=880  1\$6700-08/{dollar}1$a臼田甚五郎,$d1915-
=880  02$6730-09/{dollar}1$a催馬樂譜.
=880  02$6730-10/{dollar}1$a梁塵祕抄.
=880  02$6730-11/{dollar}1$a閑吟集.
=880  02$6740-12/{dollar}1$a催馬樂譜.
=880  02$6740-13/{dollar}1$a梁塵祕抄.
=880  02$6740-14/{dollar}1$a閑吟集.
=880  \0$6830-15/{dollar}1$a新編日本古典文学全集 ;$v42.
=859  \\$aORR$bJapanKnowledge
=CAT  \\$aW1704-1242$b00$c20170509$lBLL01$h0927
=CAT  \\$aBATCH-UPD$b00$c20170509$lBLL01$h0934
=CAT  \\$aBATCH-UPD$b00$c20170509$lBLL01$h0939
=CAT  \\$aW2003-0365$c20200305$lBLL01$h1101
=CAT  \\$aBATCH-UPD$b00$c20200716$lBLL01$h2022
=CAT  \\$aBATCH-UPD$b00$c20200918$lBLL01$h2045
=FIN  \\$aY$d20170509
=SID  \\$aZ30$bOCLC
=SRC  \\$aJapanKnowledge_2017$bJK_OCLC20170203.mrc
=LAS  \\$aBATCH-UPD$b00$c20200918$lBLL01$h2045

