=LDR  02390cmm a22005657a 4500
=001  018338131
=003  Uk
=005  20230622164835.0
=007  cr\c||||||||||
=008  051104s2005\\\\ja\\\\\\o\\j\\\\\\\\jpn\d
=FMT  \\$a  CF
=035  \\$a(OCoLC)153307995
=040  \\$aNjP-GcNjP-G$beng$cPULEA$dOCLCG$dPULEA$dOCLCF$dOCLCO$dYUS$dOCLCO$dOCLCQ$dUk
=100  1\$6880-01$aShirakawa, Shizuka,$d1910-2006
=245  10$6880-02$aJitsū /$cShirakawa Shizuka cho.
=256  \\$aComputer data and program.
=260  \\$6880-03$a[Tokyo] :$bNetto Adobansusha,$c2005.
=336  \\$atext$btxt$2rdacontent
=337  \\$acomputer$bc$2rdamedia
=338  \\$aonline resource$bcr$2rdacarrier
=490  1\$aJapanKnowledge
=500  \\$aTitle from Web page (viewed on Nov. 4, 2005).
=500  \\$aNo longer available at its separate URL.
=500  \\$aAccess is available to the Princeton community only.$5NjP-G
=506  \\$aAccess restricted by separate licensing agreement.
=520  \\$aProvides access to a dictionary of 9,500 frequently used Chinese characters and their compounds, with detailed information on their origins and meanings.
=538  \\$aMode of access: Internet via World Wide Web.
=538  \\$aSystem requirements: Japanese-capable World Wide Web browser.
=650  \0$aJapanese language$vDictionaries.
=650  \0$aChinese characters$vDictionaries$xJapanese.
=650  \7$aChinese characters.$2fast$0(OCoLC)fst00857298
=650  \7$aJapanese language.$2fast$0(OCoLC)fst00981565
=655  \7$aDictionaries.$2fast$0(OCoLC)fst01423826
=700  1\$6880-04$aShirakawa, Shizuka,$d1910-2006
=773  0\$tJapanKnowledge
=830  \0$aJapanKnowledge.
=856  40$3JapanKnowledge$uhttp://japanknowledge.com/lib/search/jitsu/$yJapanKnowledge Lib
=880  1\$6100-01/{dollar}1$a白川静,$d1910-
=880  10$6245-02/{dollar}1$a字通 /$c白川静著.
=880  \\$6260-03/{dollar}1$a[Tokyo] :$bネットアドバンス社,$c2005.
=880  1\$6700-04/{dollar}1$a白川静,$d1910-2006.
=859  \\$aORR$bJapanKnowledge
=CAT  \\$aW1704-1242$b00$c20170509$lBLL01$h0927
=CAT  \\$aBATCH-UPD$b00$c20170509$lBLL01$h0934
=CAT  \\$aW2003-0365$c20200305$lBLL01$h1101
=CAT  \\$aW2306-1299$c20230622$lBLL01$h1652
=FIN  \\$aY$d20170509
=SID  \\$aZ30$bOCLC
=SRC  \\$aJapanKnowledge_2017$bJK_OCLC20170203.mrc
=LAS  \\$aW2306-1299$b00$c20230622$lBLL01$h1652

