=LDR  02591 am a22006014i 4500
=001  018338132
=003  Uk
=005  20170106043016.0
=006  m\\\\\o\\d\\\\\\\\
=007  cr\|||||||||||
=008  160115s1968\\\\ja\\\\\\o\\\\\000\0\jpn\d
=FMT  \\$a  BK
=020  \\$z4560051143
=020  \\$z9784560051146
=035  \\$a(OCoLC)934799099
=040  \\$aSTF$beng$cYUS$dOCLCO$dYUS$dOCLCO$dOCLCF$dUk$erda$epn
=041  1\$ajpn$hfre
=050  \4$aBX4805.2$b.L35163 1968
=100  1\$aLéonard, Émile G.,$d1891-1961,$eauthor.
=240  10$aHistoire du protestantisme.$lJapanese
=245  10$6880-01$aPurotesutanto no rekishi :$bkaiyaku /$cEmīru=G. Reonāru cho ; Watanabe Nobuo yaku.
=264  \1$6880-02$aTōkyō :$bHakusuisha,$c1968.
=300  \\$a1 online resource.
=336  \\$atext$btxt$2rdacontent
=337  \\$acomputer$bc$2rdamedia
=338  \\$aonline resource$bcr$2rdacarrier
=490  1\$6880-03$aBunko kuseju ;$v114
=500  \\$aTranslation of: Histoire du protestantisme.
=588  \\$aDescription based on print version record.
=650  \0$aProtestantism$xHistory.
=650  \7$aProtestantism.$2fast$0(OCoLC)fst01079920
=655  \7$aHistory.$2fast$0(OCoLC)fst01411628
=700  1\$6880-04,$aWatanabe, Nobuo,$d1923-$etranslator.
=730  0\$aHistoire du protestantisme.
=773  0\$tJapanKnowledge
=776  08$6880-05$iPrint version:$aLéonard, Émile G., 1891-1961.$sHistoire du protestantisme. Japanese.$tPurotesutanto no rekishi.$dTōkyō : Hakusuisha, 1968
=830  \0$6880-06$aBunko kuseju$v114.
=856  40$3JapanKnowledge$uhttp://japanknowledge.com/lib/display/?lid=8021001140000$yJapanKnowledge Lib
=880  10$6245-01$aプロテスタントの歴史 :$b改訳 /$cエミール=G・レオナール著 ; 渡辺信夫訳.
=880  \1$6264-02$a東京 :$b白水社,$c1968.
=880  1\$6490-03$a文庫クセジュ ;$v114
=880  1\$6700-04$a渡辺信夫,$d1923-$etranslator.
=880  08$6776-05$iPrint version:$aLéonard, Émile G., 1891-1961.$sHistoire du protestantisme. Japanese.$tプロテスタントの歴史.$d東京 : 白水社, 1968$w(OCoLC)33637992
=880  \0$6830-06$a文庫クセジュ ;$v114.
=859  \\$aORR$bJapanKnowledge
=CAT  \\$aW1704-1242$b00$c20170509$lBLL01$h0927
=CAT  \\$aBATCH-UPD$b00$c20170509$lBLL01$h0934
=CAT  \\$aBATCH-UPD$b00$c20170509$lBLL01$h0939
=CAT  \\$aW2003-0365$c20200305$lBLL01$h1101
=FIN  \\$aY$d20170509
=SID  \\$aZ30$bOCLC
=SRC  \\$aJapanKnowledge_2017$bJK_OCLC20170203.mrc
=LAS  \\$aW2003-0365$b00$c20200305$lBLL01$h1101

