=LDR  02050 am a22005414i 4500
=001  018338133
=003  Uk
=005  20170106043016.0
=006  m\\\\\o\\d\\\\\\\\
=007  cr\|||||||||||
=008  151113s1970\\\\ja\\\\\\ob\\\\000\0\jpn\d
=FMT  \\$a  BK
=035  \\$a(OCoLC)929031119
=040  \\$aCNEAL$beng$cYUS$dOCLCO$dYUS$dOCLCO$dOCLCF$dOCLCO$dUk$erda$epn
=041  1\$ajpn$hfre
=050  \4$aGV1787$b.C57167 1970
=100  1\$aChristout, Marie Françoise,$eauthor.
=245  10$6880-01$aBaree no rekishi /$cMari-Furansowāzu Kuristu cho ; Satō Toshiko yaku.
=264  \1$6880-02$aTōkyō :$bHakusuisha,$c1970.
=300  \\$a1 online resource.
=336  \\$atext$btxt$2rdacontent
=337  \\$acomputer$bc$2rdamedia
=338  \\$aonline resource$bcr$2rdacarrier
=490  1\$6880-03$aBunko kuseju ;$v481
=504  \\$aIncludes bibliographical references.
=588  \\$aDescription based on print version.
=650  \0$aBallet$xHistory.
=650  \7$aBallet.$2fast$0(OCoLC)fst00826017
=655  \7$aHistory.$2fast$0(OCoLC)fst01411628
=700  1\$6880-04$aSatō, Toshiko,$d1934-
=730  0\$aHistoire du ballet.
=773  0\$tJapanKnowledge
=776  08$iPrint version:$tBaree no rekishi
=830  \0$6880-05$aBunko kuseju$v481.
=856  40$3JapanKnowledge$uhttp://japanknowledge.com/lib/display/?lid=8021004810000$yJapanKnowledge Lib
=880  10$6245-01/{dollar}1$aバレエの歴史 /$cマリ=フランソワーズ・クリストゥ著 ; 佐藤俊子訳.
=880  \1$6264-02/{dollar}1$a東京 :$b白水社,$c1970.
=880  1\$6490-03/{dollar}1$a文庫クセジュ ;$v481
=880  1\$6700-04/{dollar}1$a佐藤俊子,$d1934-
=880  \0$6830-05/{dollar}1$a文庫クセジュ ;$v481.
=859  \\$aORR$bJapanKnowledge
=CAT  \\$aW1704-1242$b00$c20170509$lBLL01$h0927
=CAT  \\$aBATCH-UPD$b00$c20170509$lBLL01$h0934
=CAT  \\$aW2003-0365$c20200305$lBLL01$h1101
=FIN  \\$aY$d20170509
=SID  \\$aZ30$bOCLC
=SRC  \\$aJapanKnowledge_2017$bJK_OCLC20170203.mrc
=LAS  \\$aW2003-0365$b00$c20200305$lBLL01$h1101

