=LDR  02595 am a22006854i 4500
=001  018338134
=003  Uk
=005  20170106043017.0
=006  m\\\\\o\\d\\\\\\\\
=007  cr\|||||||||||
=008  151112m19972000ja\a\\\\o\\\\\000\0\jpn\d
=FMT  \\$a  BK
=020  \\$z4096580740
=020  \\$z4096580759
=020  \\$z4096580767
=020  \\$z9784096580740
=020  \\$z9784096580745
=020  \\$z9784096580752
=020  \\$z9784096580769
=035  \\$a(OCoLC)928950329
=040  \\$aYUS$beng$cYUS$dOCLCO$dYUS$dOCLCO$dOCL$dYUS$dOCLCO$dUk$erda$epn
=050  \4$aPL793.4$b.A6 1997
=100  1\$6880-01,$aChikamatsu, Monzaemon,$d1653-1725$eauthor.
=240  10$aWorks.$kSelections.$f1997
=245  10$6880-02$aChikamatsu Monzaemon shū /$ckōchū, yaku Torigoe Bunzō [and others].
=264  \1$6880-03$aTōkyō :$bShōgakkan,$c1997-2000.
=300  \\$a1 online resource.
=336  \\$atext$btxt$2rdacontent
=337  \\$acomputer$bc$2rdamedia
=338  \\$aonline resource$bcr$2rdacarrier
=490  1\$6880-04$aShinpen Nihon koten bungaku zenshū ;$v74-76
=500  \\$aPlays.
=588  \\$aDescription based on print version.
=648  \7$a1600-1868$2fast
=650  \0$aJapanese drama$yEdo period, 1600-1868.
=650  \0$aJōruri$vTexts.
=650  \7$aJapanese drama$xEdo period.$2fast$0(OCoLC)fst01711075
=650  \7$aJōruri.$2fast$0(OCoLC)fst00985527
=655  \4$aAnthologie.
=655  \7$aTexts.$2fast$0(OCoLC)fst01423705
=700  1\$6880-05$aTorigoe, Bunzō,$d1931-
=773  0\$tJapanKnowledge
=776  08$iPrint version:$tChikamatsu Monzaemon shū
=830  \0$6880-06$aShinpen Nihon koten bungaku zenshū$v74-76.
=856  40$3JapanKnowledge$uhttp://japanknowledge.com/lib/display/?lid=80110V00740001$yJapanKnowledge Lib
=880  1\$6100-01/{dollar}1$a近松門左衛門,$d1653-1725,$eauthor
=880  10$6245-02/{dollar}1$a近松門左衛門集 /$c校注・訳鳥越文蔵 [and others].
=880  \1$6264-03/{dollar}1$a東京 :$b小学館,$c1997-2000.
=880  1\$6490-04/{dollar}1$a新編日本古典文学全集 ;$v74-76
=880  1\$6700-05/{dollar}1$a鳥越文蔵,$d1931-
=880  \0$6830-06/{dollar}1$a新編日本古典文学全集 ;$v74-76.
=859  \\$aORR$bJapanKnowledge
=CAT  \\$aW1704-1242$b00$c20170509$lBLL01$h0927
=CAT  \\$aBATCH-UPD$b00$c20170509$lBLL01$h0934
=CAT  \\$aW2003-0365$c20200305$lBLL01$h1101
=CAT  \\$aBATCH-UPD$b00$c20200918$lBLL01$h2045
=FIN  \\$aY$d20170509
=SID  \\$aZ30$bOCLC
=SRC  \\$aJapanKnowledge_2017$bJK_OCLC20170203.mrc
=LAS  \\$aBATCH-UPD$b00$c20200918$lBLL01$h2045

