=LDR  02234 am a22005537a 4500
=001  018338135
=003  Uk
=005  20170106043017.0
=006  m\\\\\o\\d\\\\\\\\
=007  cr\|||||||||||
=008  100910s1964\\\\ja\\\\\\o\\\\\000\1\jpn\d
=FMT  \\$a  BK
=035  \\$a(OCoLC)663712297
=040  \\$aOCLCE$beng$cOCLCE$dOCLCQ$dCUS$dOCLCQ$dOCLCF$dYUS$dOCLCO$dYUS$dOCLCO$dOCL$dOCLCQ$dYUS$dOCLCO$dUk$epn
=050  \4$aPL795.S25$bS465 1964
=100  0\$6880-01$aAnrakuan Sakuden,$d1554-1642
=245  10$6880-02$aSeisuishō :$bsengoku no shōwa /$cAnrakuan Sakuden ; Suzuki Tōzō yaku.
=250  \\$6880-03$aShohan.
=260  \\$6880-04$aTōkyō :$bHeibonsha,$c1964.
=300  \\$a1 online resource (2, 4, 294 pages).
=336  \\$atext$btxt$2rdacontent
=337  \\$acomputer$bc$2rdamedia
=338  \\$aonline resource$bcr$2rdacarrier
=490  1\$6880-05$aTōyō bunko ;$v31
=588  0\$aPrint version record.
=648  \7$a1600-1868$2fast
=650  \0$aJapanese wit and humor$yEdo period, 1600-1868.
=650  \7$aJapanese wit and humor$xEdo period.$2fast$0(OCoLC)fst01710991
=700  1\$6880-06$aSuzuki, Tōzō,$d1911-1992
=773  0\$tJapanKnowledge
=776  08$iPrint version:$aAnrakuan Sakuden, 1554-1642.$tSeisuishō.$bShohan.$dTōkyō : Heibonsha, 1964
=830  \0$6880-07$aTōyō bunko$v31.
=856  40$3JapanKnowledge$uhttp://japanknowledge.com/lib/display/?lid=80010V0031P0002$yJapanKnowledge Lib
=880  0\$6100-01/{dollar}1$a安楽庵策伝,$d1554-1642.
=880  10$6245-02/{dollar}1$a醒睡笑 :$b戦国の笑話 /$c安楽庵策伝 ; 鈴木棠三訳.
=880  \\$6250-03/{dollar}1$a初版.
=880  \\$6260-04/{dollar}1$a東京 :$b平凡社,$c1964.
=880  1\$6490-05/{dollar}1$a東洋文庫 ;$v31
=880  1\$6700-06/{dollar}1$a鈴木棠三,$d1911-1992.
=880  \0$6830-07/{dollar}1$a東洋文庫 ;$v31.
=859  \\$aORR$bJapanKnowledge
=CAT  \\$aW1704-1242$b00$c20170509$lBLL01$h0927
=CAT  \\$aBATCH-UPD$b00$c20170509$lBLL01$h0934
=CAT  \\$aBATCH-UPD$b00$c20170509$lBLL01$h0939
=CAT  \\$aW2003-0365$c20200305$lBLL01$h1101
=FIN  \\$aY$d20170509
=SID  \\$aZ30$bOCLC
=SRC  \\$aJapanKnowledge_2017$bJK_OCLC20170203.mrc
=LAS  \\$aW2003-0365$b00$c20200305$lBLL01$h1101

