=LDR  02555 am a22006017a 4500
=001  018338136
=003  Uk
=005  20170106043017.0
=006  m\\\\\o\\d\\\\\\\\
=007  cr\unu---uuaua
=008  090130s1998\\\\ja\\\\\\ob\\\\001\0\jpn\d
=FMT  \\$a  BK
=035  \\$a(OCoLC)300614857
=040  \\$aOCLCE$beng$cOCLCE$dOCL$dCUS$dOCLCQ$dOCLCF$dOCLCO$dOCLCQ$dYUS$dOCLCO$dYUS$dOCLCQ$dYUS$dOCLCO$dUk$epn
=041  0\$ajpn$hsan
=050  \4$aPK541$b.B4816 1998
=100  0\$aBhartr̥hari.
=240  10$aVākyapadīya.$lJapanese
=245  10$6880-01$aKoten Indo no gengo tetsugaku /$cBarutorihari ; Akamatsu Akihiko yakuchū.
=250  \\$6880-02$aShohan.
=260  \\$6880-03$aTōkyō :$bHeibonsha,$c1998.
=300  \\$a1 online resource (2 volumes).
=336  \\$atext$btxt$2rdacontent
=337  \\$acomputer$bc$2rdamedia
=338  \\$aonline resource$bcr$2rdacarrier
=490  1\$6880-04$aTōyō bunko ;$v637-638
=504  \\$aIncludes bibliographical references and index.
=505  0\$6880-05$a1. Burafuman to kotoba -- 2. Bun ni tsuite.
=588  0\$aPrint version record.
=650  \0$aSanskrit language$xGrammar.
=650  \7$aSanskrit language$xGrammar.$2fast$0(OCoLC)fst01105185
=700  1\$6880-06$aAkamatsu, Akihiko,$d1953-
=773  0\$tJapanKnowledge
=776  08$iPrint version:$aBhartr̥hari.$sVākyapadīya. Japanese.$tKoten Indo no gengo tetsugaku.$bShohan.$dTōkyō : Heibonsha, 1998$z4582806376$z9784582806373
=830  \0$6880-07$aTōyō bunko$v637-638.
=856  40$3JapanKnowledge$uhttp://japanknowledge.com/lib/display/?lid=80010V0637P0002$yJapanKnowledge Lib
=856  40$3JapanKnowledge$uhttp://japanknowledge.com/lib/display/?lid=80010V0638P0002$yJapanKnowledge Lib
=880  10$6245-01/{dollar}1$a古典インドの言語哲学 /$cバルトリハリ ; 赤松明彦訳注.
=880  \\$6250-02/{dollar}1$a初版.
=880  \\$6260-03/{dollar}1$a東京 :$b平凡社,$c1998.
=880  1\$6490-04/{dollar}1$a東洋文庫 ;$v637-638
=880  0\$6505-05/{dollar}1$a1. ブラフマンとことば -- 2. 文について.
=880  1\$6700-06/{dollar}1$a赤松明彦,$d1953-
=880  \0$6830-07/{dollar}1$a東洋文庫 ;$v637-638.
=859  \\$aORR$bJapanKnowledge
=CAT  \\$aW1704-1242$b00$c20170509$lBLL01$h0927
=CAT  \\$aBATCH-UPD$b00$c20170509$lBLL01$h0934
=CAT  \\$aBATCH-UPD$b00$c20170509$lBLL01$h0939
=CAT  \\$aW2003-0365$c20200305$lBLL01$h1101
=FIN  \\$aY$d20170509
=SID  \\$aZ30$bOCLC
=SRC  \\$aJapanKnowledge_2017$bJK_OCLC20170203.mrc
=LAS  \\$aW2003-0365$b00$c20200305$lBLL01$h1101

