=LDR  02105 am a22005774i 4500
=001  018338137
=003  Uk
=005  20170106043017.0
=006  m\\\\\o\\d\\\\\\\\
=007  cr\|||||||||||
=008  151214s1997\\\\ja\\\\\\o\\\\\000\0\jpn\d
=FMT  \\$a  BK
=020  \\$z4560057958
=020  \\$z9784560057957
=035  \\$a(OCoLC)932129363
=040  \\$aCNEAL$beng$cYUS$dOCLCO$dOCLCF$dUk$erda$epn
=041  1\$ajpn$hfre
=050  \4$aRC150$b.H35165 1997
=100  1\$aHannoun, C.,$eauthor.
=240  10$aGrippe et ses virus.$lJapanese
=245  10$6880-01$aInfuruenza to wa nani ka /$cKurōdo Anūn cho ; Ono Katsuhiko yaku.
=264  \1$6880-02$aTōkyō :$bHakusuisha,$c1997.
=300  \\$a1 online resource.
=336  \\$atext$btxt$2rdacontent
=337  \\$acomputer$bc$2rdamedia
=338  \\$aonline resource$bcr$2rdacarrier
=490  1\$6880-03$aBunko kuseju ;$v795
=500  \\$aTranslation of: La grippe et ses virus.
=588  \\$aDescription based on print version.
=650  \0$aInfluenza.
=650  \0$aViruses.
=650  \7$aInfluenza.$2fast$0(OCoLC)fst00972493
=650  \7$aViruses.$2fast$0(OCoLC)fst01167771
=700  1\$6880-04$aOno, Katsuhiko,$d1933-
=773  0\$tJapanKnowledge
=776  08$iPrint version:$tInfuruenza towa nani ka.
=830  \0$6880-05$aBunko kuseju$v795.
=856  40$3JapanKnowledge$uhttp://japanknowledge.com/lib/display/?lid=8021007950000$yJapanKnowledge Lib
=880  10$6245-01/{dollar}1$aインフルエンザとは何か /$cクロード・アヌーン著 ; 小野克彦訳.
=880  \1$6264-02/{dollar}1$a東京 :$b白水社,$c1997.
=880  1\$6490-03/{dollar}1$a文庫クセジュ ;$v795
=880  1\$6700-04/{dollar}1$a小野克彦,$d1933-
=880  \0$6830-05/{dollar}1$a文庫クセジュ ;$v795.
=859  \\$aORR$bJapanKnowledge
=CAT  \\$aW1704-1242$b00$c20170509$lBLL01$h0927
=CAT  \\$aBATCH-UPD$b00$c20170509$lBLL01$h0934
=CAT  \\$aW2003-0365$c20200305$lBLL01$h1101
=FIN  \\$aY$d20170509
=SID  \\$aZ30$bOCLC
=SRC  \\$aJapanKnowledge_2017$bJK_OCLC20170203.mrc
=LAS  \\$aW2003-0365$b00$c20200305$lBLL01$h1101

