=LDR  02139 am a22005774i 4500
=001  018338138
=003  Uk
=005  20170106043018.0
=006  m\\\\\o\\d\\\\\\\\
=007  cr\|||||||||||
=008  151113s1995\\\\ja\\\\\go\\\\\000\0\jpn\d
=FMT  \\$a  BK
=020  \\$z4560057737
=020  \\$z9784560057735
=035  \\$a(OCoLC)929031378
=040  \\$aCNEAL$beng$cYUS$dOCLCO$dYUS$dOCLCO$dOCLCF$dUk$erda$epn
=041  1\$ajpn$hfre
=050  \4$aQ175$b.B2245165 1995
=100  1\$aBarreau, Hervé,$eauthor.
=240  10$aÉpisťmologie.$lJapanese
=245  10$6880-01$aEpisutemorojī /$cEruvē Barō cho ; Matsuda Kastunori yaku.
=264  \1$6880-02$aTōkyō :$bHakusuisha,$c1995.
=300  \\$a1 online resource.
=336  \\$atext$btxt$2rdacontent
=337  \\$acomputer$bc$2rdamedia
=338  \\$aonline resource$bcr$2rdacarrier
=490  1\$6880-03$aBunko kuseju ;$v773
=500  \\$aTranslation of: L'épistémologie.
=588  \\$aDescription based on print version.
=650  \0$aKnowledge, Theory of.
=650  \0$aScience$xPhilosophy.
=650  \7$aKnowledge, Theory of.$2fast$0(OCoLC)fst00988194
=650  \7$aScience$xPhilosophy.$2fast$0(OCoLC)fst01108336
=700  1\$6880-04$aMatsuda, Katsunori,$d1963-
=773  0\$tJapanKnowledge
=776  08$iPrint version:$tEpisutemoroji.
=830  \0$6880-05$aBunko kuseju$v773.
=856  40$3JapanKnowledge$uhttp://japanknowledge.com/lib/display/?lid=8021007730000$yJapanKnowledge Lib
=880  10$6245-01/{dollar}1$aエピステモロジー /$cエルヴェ・バロー著 ; 松田克進訳.
=880  \1$6264-02/{dollar}1$a東京 :$b白水社,$c1995.
=880  1\$6490-03/{dollar}1$a文庫クセジュ ;$v773
=880  1\$6700-04/{dollar}1$a松田克進,$d1963-
=880  \0$6830-05/{dollar}1$a文庫クセジュ ;$v773.
=859  \\$aORR$bJapanKnowledge
=CAT  \\$aW1704-1242$b00$c20170509$lBLL01$h0927
=CAT  \\$aBATCH-UPD$b00$c20170509$lBLL01$h0934
=CAT  \\$aW2003-0365$c20200305$lBLL01$h1101
=FIN  \\$aY$d20170509
=SID  \\$aZ30$bOCLC
=SRC  \\$aJapanKnowledge_2017$bJK_OCLC20170203.mrc
=LAS  \\$aW2003-0365$b00$c20200305$lBLL01$h1101

