=LDR  02246 am a22005657a 4500
=001  018338139
=003  Uk
=005  20170106043018.0
=006  m\\\\\o\\d\\\\\\\\
=007  cr\|||||||||||
=008  100630s1964\\\\ja\ab\\\ob\\\\000\0\jpn\d
=FMT  \\$a  BK
=019  \\$a301266378
=035  \\$a(OCoLC)645461296$z(OCoLC)301266378
=040  \\$aOCLCE$beng$cOCLCE$dOCLCQ$dOCLCO$dCUS$dOCLCQ$dOCLCF$dYUS$dOCLCO$dYUS$dOCLCO$dOCLCQ$dYUS$dOCLCO$dUk$epn
=041  1\$ajpn$heng
=042  \\$adlr
=050  \4$aG370$bM21 1964
=100  1\$aMandeville, John,$cSir.
=240  10$aItinerarium.$lJapanese
=245  10$6880-01$aTōhō ryokōki /$cJ. Mandeviru [cho] ; Ōba Masafumi yaku.
=250  \\$6880-02$aShohan.
=260  \\$6880-03$aTōkyō :$bHeibonsha,$c1964$g(1981 printing)
=300  \\$a1 online resource (298, 22 pages) :$billustrations, maps.
=336  \\$atext$btxt$2rdacontent
=337  \\$acomputer$bc$2rdamedia
=338  \\$aonline resource$bcr$2rdacarrier
=490  1\$6880-04$aTōyō bunko ;$v19
=504  \\$aIncludes bibliographical references (pages 1-22 (2nd group)).
=588  0\$aPrint version record.
=650  \0$aVoyages and travels.
=650  \7$aVoyages and travels.$2fast$0(OCoLC)fst01169308
=773  0\$tJapanKnowledge
=776  08$iPrint version:$aMandeville, John, Sir.$sItinerarium. Japanese.$tTōhō ryokōki.$bShohan.$dTōkyō : Heibonsha, 1964
=830  \0$6880-05$aTōyō bunko$v19.
=856  40$3JapanKnowledge$uhttp://japanknowledge.com/lib/display/?lid=80010V0019P0002$yJapanKnowledge Lib
=880  10$6245-01/{dollar}1$a東方旅行記 /$cJ. マンデヴィ ル[著] ; 大場正史訳.
=880  \\$6250-02/{dollar}1$a初版.
=880  \\$6260-03/{dollar}1$a東京 :$b平凡社,$c1964$g(1981 printing)
=880  1\$6490-04/{dollar}1$a東洋文庫 ;$v19
=880  1\$6700-00/{dollar}1$a大場正史,$d1914-
=880  \0$6830-05/{dollar}1$a東洋文庫 ;$v19.
=859  \\$aORR$bJapanKnowledge
=CAT  \\$aW1704-1242$b00$c20170509$lBLL01$h0927
=CAT  \\$aBATCH-UPD$b00$c20170509$lBLL01$h0934
=CAT  \\$aW2003-0365$c20200305$lBLL01$h1101
=FIN  \\$aY$d20170509
=SID  \\$aZ30$bOCLC
=SRC  \\$aJapanKnowledge_2017$bJK_OCLC20170203.mrc
=LAS  \\$aW2003-0365$b00$c20200305$lBLL01$h1101

