=LDR  02770 am a22006977a 4500
=001  018338140
=003  Uk
=005  20170106043018.0
=006  m\\\\\o\\d\\\\\\\\
=007  cr\|||||||||||
=008  111008s1995\\\\ja\\\\\\ob\\\\000\0\jpn\d
=FMT  \\$a  BK
=019  \\$a297254903
=020  \\$z4582805876
=020  \\$z9784582805871
=035  \\$a(OCoLC)756320161$z(OCoLC)297254903
=040  \\$aOCLCE$beng$cOCLCE$dOCLCO$dOCLCQ$dOCLCO$dOCLCQ$dCUS$dOCLCF$dOCLCQ$dOCLCA$dYUS$dOCLCO$dYUS$dOCLCO$dOCL$dOCLCQ$dYUS$dOCLCO$dUk$epn
=042  \\$adlr
=043  \\$aa-cc---
=050  \4$aDS749.2$b.O47 1995
=100  1\$6880-01$aOkazaki, Fumio,$d1888-
=245  10$6880-02$aZui Tō teikoku godaishi /$cOkazaki Fumio cho ; Kawai Yasushi hotei ; Akizuki Kan'ei kaisetsu.
=250  \\$6880-03$aShohan.
=260  \\$6880-04$aTōkyō :$bHeibonsha,$c1995.
=300  \\$a1 online resource (373 pages).
=336  \\$atext$btxt$2rdacontent
=337  \\$acomputer$bc$2rdamedia
=338  \\$aonline resource$bcr$2rdacarrier
=490  1\$6880-05$aTōyō bunko ;$v587
=504  \\$aIncludes bibliographical references.
=588  0\$aPrint version record.
=648  \7$a581-979$2fast
=650  \7$aTang Dynasty (China)$2fast$0(OCoLC)fst01696781
=651  \0$aChina$xHistory$yFive dynasties and the Ten kingdoms, 907-979.
=651  \0$aChina$xHistory$ySui dynasty, 581-618.
=651  \0$aChina$xHistory$yTang dynasty, 618-907.
=651  \7$aChina.$2fast$0(OCoLC)fst01206073
=655  \7$aHistory.$2fast$0(OCoLC)fst01411628
=700  1\$6880-06$aKawai, Yasushi,$d1958-
=700  1\$6880-07$aAkizuki, Kan'ei,$d1922-
=773  0\$tJapanKnowledge
=776  08$iPrint version:$aOkazaki, Fumio, 1888-$tZui Tō teikoku godaishi.$bShohan.$dTōkyō : Heibonsha, 1995
=830  \0$6880-08$aTōyō bunko$v587.
=856  40$3JapanKnowledge$uhttp://japanknowledge.com/lib/display/?lid=80010V0587P0002$yJapanKnowledge Lib
=880  1\$6100-01/{dollar}1$a岡崎文夫,$d1888-
=880  10$6245-02/{dollar}1$a隋唐帝国五代史 /$c岡崎文夫著 ; 河合安補訂 ; 秋月觀暎解說.
=880  \\$6250-03/{dollar}1$a初版.
=880  \\$6260-04/{dollar}1$a東京 :$b平凡社,$c1995.
=880  1\$6490-05/{dollar}1$a東洋文庫 ;$v587
=880  1\$6700-06/{dollar}1$a河合安,$d1958-
=880  1\$6700-07/{dollar}1$a秋月觀暎,$d1922-
=880  \0$6830-08/{dollar}1$a東洋文庫 ;$v587.
=859  \\$aORR$bJapanKnowledge
=CAT  \\$aW1704-1242$b00$c20170509$lBLL01$h0927
=CAT  \\$aBATCH-UPD$b00$c20170509$lBLL01$h0934
=CAT  \\$aBATCH-UPD$b00$c20170509$lBLL01$h0939
=CAT  \\$aW2003-0365$c20200305$lBLL01$h1101
=FIN  \\$aY$d20170509
=SID  \\$aZ30$bOCLC
=SRC  \\$aJapanKnowledge_2017$bJK_OCLC20170203.mrc
=LAS  \\$aW2003-0365$b00$c20200305$lBLL01$h1101

