=LDR  02160 am a22005774i 4500
=001  018338141
=003  Uk
=005  20170106043019.0
=006  m\\\\\o\\d\\\\\\\\
=007  cr\|||||||||||
=008  151113s1999\\\\ja\\\\\\ob\\\\001\0\jpn\d
=FMT  \\$a  BK
=020  \\$z4560058210
=020  \\$z9784560058213
=035  \\$a(OCoLC)929030540
=040  \\$aYUS$beng$cYUS$dYUS$dOCLCO$dUk$erda$epn
=041  1\$ajpn$hfre
=100  1\$aBarral i Altet, Xavier,$eauthor.
=245  10$6880-01$aBijutsushi nyumon /$cGuzavie Bararu I Arute cho ; Yoshioka Kenjirō, Uemura Hiroshi yaku.
=264  \1$6880-02$aTōkyō :$bHakusui sha,$c1999.
=300  \\$a1 online resource.
=336  \\$atext$btxt$2rdacontent
=337  \\$acomputer$bc$2rdamedia
=338  \\$aonline resource$bcr$2rdacarrier
=490  1\$6880-03$aBunko kuseju ;$v821
=504  \\$aIncludes bibliographical references and index.
=588  \\$aDescription based on print version.
=650  \0$aArt$xHistory.
=650  \7$aArt.$2fast$0(OCoLC)fst00815177
=655  \7$aHistory.$2fast$0(OCoLC)fst01411628
=700  1\$6880-04$aYoshioka, Kenjirō,$d1926-
=700  1\$6880-05$aUemura, Hiroshi.
=740  02$aHistoire de l'art.
=773  0\$tJapanKnowledge
=776  08$iPrint version:$tBijutsushi nyumon.
=830  \0$6880-06$aBunko kuseju$v821.
=856  40$3JapanKnowledge$uhttp://japanknowledge.com/lib/display/?lid=8021008210000$yJapanKnowledge Lib
=880  10$6245-01/{dollar}1$a美術史入門 /$cグザヴィエ・バラル・イ・アルテ著 ; 吉岡健二郎, 上村博訳.
=880  \1$6264-02/{dollar}1$a東京 :$b白水社,$c1999.
=880  1\$6490-03/{dollar}1$a文庫クセジュ ;$v821
=880  1\$6700-04/{dollar}1$a吉岡健二郎,$d1926-
=880  1\$6700-05/{dollar}1$a上村博.
=880  \0$6830-06/{dollar}1$a文庫クセジュ ;$v821.
=859  \\$aORR$bJapanKnowledge
=CAT  \\$aW1704-1242$b00$c20170509$lBLL01$h0927
=CAT  \\$aBATCH-UPD$b00$c20170509$lBLL01$h0934
=CAT  \\$aW2003-0365$c20200305$lBLL01$h1101
=FIN  \\$aY$d20170509
=SID  \\$aZ30$bOCLC
=SRC  \\$aJapanKnowledge_2017$bJK_OCLC20170203.mrc
=LAS  \\$aW2003-0365$b00$c20200305$lBLL01$h1101

