=LDR  02440 am a22006014i 4500
=001  018338142
=003  Uk
=005  20170106043019.0
=006  m\\\\\o\\d\\\\\\\\
=007  cr\|||||||||||
=008  151113s1992\\\\ja\\\\\\ob\\\\000\0\jpn\d
=FMT  \\$a  BK
=020  \\$z4560057281
=020  \\$z9784560057285
=035  \\$a(OCoLC)929028996
=040  \\$aSTF$beng$cYUS$dOCLCO$dYUS$dOCLCO$dOCLCF$dUk$erda$epn
=041  1\$ajpn$hfre
=050  \4$aZ4$b.G76163 1992
=100  1\$aGrolier, Eric de,$eauthor.
=240  10$aHistoire du livre.$lJapanese
=245  10$6880-01$aShomotsu no rekishi /$cEriku Do Gurorie cho ; Ōtsuka Yukio yaku.
=264  \1$6880-02$aTōkyō :$bHakusuisha,$c1992.
=300  \\$a1 online resource (162, 3 pages).
=336  \\$atext$btxt$2rdacontent
=337  \\$acomputer$bc$2rdamedia
=338  \\$aonline resource$bcr$2rdacarrier
=490  1\$6880-03$aBunko kuseju ;$v728
=500  \\$aTranslation of: Histoire du livre.
=504  \\$aIncludes bibliographical references.
=588  \\$aDescription based on print version record.
=650  \0$aBooks$xHistory.
=650  \7$aBooks.$2fast$0(OCoLC)fst00836401
=655  \7$aHistory.$2fast$0(OCoLC)fst01411628
=700  1\$6880-04,$aŌtsuka, Yukio,$d1909-$etranslator.
=773  0\$tJapanKnowledge
=776  08$6880-05$iPrint version:$aGrolier, Eric de.$sHistoire du livre. Japanese.$tShomotsu no rekishi. Tōkyō : Hakusuisha, 1992
=830  \0$6880-06$aBunko kuseju$v728.
=856  40$3JapanKnowledge$uhttp://japanknowledge.com/lib/display/?lid=8021007280000$yJapanKnowledge Lib
=880  10$6245-01$a書物の歴史 /$cエリク・ド・グロリエ著 ; 大塚幸男訳.
=880  \1$6264-02$a東京 :$b白水社,$c1992.
=880  1\$6490-03$a文庫クセジュ ;$v728
=880  1\$6700-04$a大塚幸男,$d1909-$etranslator.
=880  08$6776-05$iPrint version:$aGrolier, Eric de.$sHistoire du livre. Japanese.$t書物の歴史.$d東京 : 白水社, 1992$w(OCoLC)33800923
=880  \0$6830-06$a文庫クセジュ ;$v728.
=859  \\$aORR$bJapanKnowledge
=CAT  \\$aW1704-1242$b00$c20170509$lBLL01$h0927
=CAT  \\$aBATCH-UPD$b00$c20170509$lBLL01$h0934
=CAT  \\$aBATCH-UPD$b00$c20170509$lBLL01$h0939
=CAT  \\$aW2003-0365$c20200305$lBLL01$h1101
=FIN  \\$aY$d20170509
=SID  \\$aZ30$bOCLC
=SRC  \\$aJapanKnowledge_2017$bJK_OCLC20170203.mrc
=LAS  \\$aW2003-0365$b00$c20200305$lBLL01$h1101

