=LDR  02966cam a22006494i 4500
=001  018338143
=003  Uk
=005  20170106043019.0
=006  m\\\\\o\\d\\\\\\\\
=007  cr\|||||||||||
=008  151113s1991\\\\ja\\\\\\ob\\\\001\0\jpn\d
=FMT  \\$a  BK
=020  \\$z4560057214
=020  \\$z9784560057216
=035  \\$a(OCoLC)929028960
=040  \\$aSTF$beng$cYUS$dOCLCO$dYUS$dOCLCO$dOCLCF$dOCLCO$dOCL$dUk$erda$epn
=041  1\$ajpn$hfre
=050  \4$aPQ629$b.S38163 1991
=100  1\$aSchweighaeuser, Jean-Paul,$eauthor.
=240  10$aLe roman noir français.$lJapanese
=245  10$6880-01$aRoman nowāru :$bFuransu no hādo boirudo /$cJ-P. Shuveiauzēru cho ; Hiraoka Atsushi yaku.
=264  \1$6880-02$aTōkyō :$bHakusuisha,$c1991.
=300  \\$a1 online resource (168, 22 pages).
=336  \\$atext$btxt$2rdacontent
=337  \\$acomputer$bc$2rdamedia
=338  \\$aonline resource$bcr$2rdacarrier
=490  1\$6880-03$aBunko kuseju ;$v721
=500  \\$aTranslation of: Le roman noir français, 1984.
=504  \\$aIncludes bibliographical references (pages 21-22 (2nd group)) and indexes.
=588  \\$aDescription based on print version record.
=648  \7$a1900-1999$2fast
=650  \0$aDetective and mystery stories, French$xHistory and criticism.
=650  \0$aFrench fiction$y20th century$xHistory and criticism.
=650  \7$aDetective and mystery stories, French.$2fast$0(OCoLC)fst00891528
=650  \7$aFrench fiction.$2fast$0(OCoLC)fst00934302
=655  \7$aCriticism, interpretation, etc.$2fast$0(OCoLC)fst01411635
=700  1\$6880-04,$aHiraoka, Atsushi,$d1955-$etranslator.
=773  0\$tJapanKnowledge
=776  08$6880-05$iPrint version:$aSchweighaeuser, Jean-Paul.$sLe roman noir français. Japanese.$tRoman nowāru.$dTōkyō : Hakusuisha, 1991
=830  \0$6880-06$aBunko kuseju$v721.
=856  40$3JapanKnowledge$uhttp://japanknowledge.com/lib/display/?lid=8021007210000$yJapanKnowledge Lib
=880  10$6245-01/{dollar}1$aロマン・ノワール :$bフランスのハードボイルド /$cJ-P.シュヴェイアウゼール著 ; 平岡敦訳.
=880  \1$6264-02/{dollar}1$a東京 :$b白水社,$c1991.
=880  1\$6490-03/{dollar}1$a文庫クセジュ ;$v721
=880  1\$6700-04/{dollar}1$a平岡敦,$d1955-$etranslator.
=880  08$6776-05/{dollar}1$iPrint version:$aSchweighaeuser, Jean-Paul.$sLe roman noir français. Japanese.$tロマン・ノワール.$d東京 : 白水社, 1991$w(OCoLC)33745417
=880  \0$6830-06/{dollar}1$a文庫クセジュ ;$v721.
=859  \\$aORR$bJapanKnowledge
=CAT  \\$aW1704-1242$b00$c20170509$lBLL01$h0927
=CAT  \\$aBATCH-UPD$b00$c20170509$lBLL01$h0934
=CAT  \\$aBATCH-UPD$b00$c20170509$lBLL01$h0939
=CAT  \\$aW2003-0365$c20200305$lBLL01$h1101
=CAT  \\$aBATCH-UPD$b00$c20220212$lBLL01$h1737
=FIN  \\$aY$d20170509
=SID  \\$aZ30$bOCLC
=SRC  \\$aJapanKnowledge_2017$bJK_OCLC20170203.mrc
=LAS  \\$aBATCH-UPD$b00$c20220212$lBLL01$h1737

