=LDR  02368 am a22005897a 4500
=001  018338144
=003  Uk
=005  20170106043020.0
=006  m\\\\\o\\d\\\\\\\\
=007  cr\|||||||||||
=008  100323s1984\\\\ja\\\\\\ob\\\\000\1\jpn\d
=FMT  \\$a  BK
=019  \\$a301349687
=035  \\$a(OCoLC)567816681$z(OCoLC)301349687
=040  \\$aOCLCE$beng$cOCLCE$dOCLCQ$dCUS$dOCLCQ$dOCLCO$dOCLCF$dYUS$dOCLCO$dYUS$dOCLCO$dOCLCQ$dYUS$dOCLCO$dUk$epn
=042  \\$adlr
=050  \4$aPL793$b.O48 1984
=245  00$6880-01$aŌoka seidan /$cTsuji Tatsuya hen.
=250  \\$6880-02$aShohan.
=260  \\$6880-03$aTōkyō :$bHeibonsha,$c1984.
=300  \\$a1 online resource (2 volumes).
=336  \\$atext$btxt$2rdacontent
=337  \\$acomputer$bc$2rdamedia
=338  \\$aonline resource$bcr$2rdacarrier
=490  1\$6880-04$aTōyō bunko ;$v435, 439
=504  \\$aIncludes bibliographical references (v. 1, pages 378-380).
=588  0\$aPrint version record.
=600  10$6880-05$aŌoka, Tadasuke,$d1677?-1751?$vFiction.
=600  17$aŌoka, Tadasuke,$d1677?-1751?$2fast$0(OCoLC)fst00126889
=655  \7$aFiction.$2fast$0(OCoLC)fst01423787
=700  1\$6880-06$aTsuji, Tatsuya,$d1926-
=773  0\$tJapanKnowledge
=776  08$iPrint version:$tŌoka seidan.$bShohan.$dTōkyō : Heibonsha, 1984
=830  \0$6880-07$aTōyō bunko$v435, 439.
=856  40$3JapanKnowledge Volume 1$uhttp://japanknowledge.com/lib/display/?lid=80010V0435P0002$yJapanKnowledge Lib
=856  40$3JapanKnowledge Volume 2$uhttp://japanknowledge.com/lib/display/?lid=80010V0439P0002$yJapanKnowledge Lib
=880  00$6245-01/{dollar}1$a大岡政談 /$c辻達也編.
=880  \\$6250-02/{dollar}1$a初版.
=880  \\$6260-03/{dollar}1$a東京 :$b平凡社,$c1984.
=880  1\$6490-04/{dollar}1$a東洋文庫 ;$v435, 439
=880  14$6600-05/{dollar}1$a大岡忠相,$d1677?-1751?$vFiction.
=880  1\$6700-06/{dollar}1$a辻達也,$d1926-
=880  \0$6830-07/{dollar}1$a東洋文庫 ;$v435, 439.
=859  \\$aORR$bJapanKnowledge
=CAT  \\$aW1704-1242$b00$c20170509$lBLL01$h0927
=CAT  \\$aBATCH-UPD$b00$c20170509$lBLL01$h0934
=CAT  \\$aBATCH-UPD$b00$c20170509$lBLL01$h0939
=CAT  \\$aW2003-0365$c20200305$lBLL01$h1101
=FIN  \\$aY$d20170509
=SID  \\$aZ30$bOCLC
=SRC  \\$aJapanKnowledge_2017$bJK_OCLC20170203.mrc
=LAS  \\$aW2003-0365$b00$c20200305$lBLL01$h1101

