=LDR  02258 am a22006014i 4500
=001  018338145
=003  Uk
=005  20170106043020.0
=006  m\\\\\o\\d\\\\\\\\
=007  cr\|||||||||||
=008  151113s2006\\\\ja\\\\\\o\\\\\000\0\jpn\d
=FMT  \\$a  BK
=020  \\$z4560508968
=020  \\$z9784560508961
=035  \\$a(OCoLC)929030736
=040  \\$aYUS$beng$cYUS$dYUS$dOCLCO$dOCLCF$dUk$erda$epn
=041  1\$ajpn$hfre
=043  \\$ae-sp---
=245  00$6880-01$aKatarūnya no rekishi to bunka /$cM. Jinmāman, M. C. Jinmāman cho ; Tazawa Kō yaku.
=264  \1$6880-02$aTōkyō :$bHakusuisha,$c2006.
=300  \\$a1 online resource.
=336  \\$atext$btxt$2rdacontent
=337  \\$acomputer$bc$2rdamedia
=338  \\$aonline resource$bcr$2rdacarrier
=490  1\$6880-03$aBunko kuseju ;$v896
=588  \\$aDescription based on print version.
=650  \0$aArts, Catalan.
=650  \7$aArts, Catalan.$2fast$0(OCoLC)fst00817958
=651  \0$aCatalonia (Spain)$xHistory.
=651  \7$aSpain$zCatalonia.$2fast$0(OCoLC)fst01206043
=655  \7$aHistory.$2fast$0(OCoLC)fst01411628
=700  1\$6880-04$aTazawa, Kō,$d1953-
=700  1\$aZimmermann, Marie-Claire.
=700  1\$aZimmermann, Michel.
=730  0\$aHistoire de la Catalogne.
=773  0\$tJapanKnowledge
=776  08$iPrint version:$tKatarūnya no rekishi to bunka.
=830  \0$6880-05$aBunko kuseju$v896.
=856  40$3JapanKnowledge$uhttp://japanknowledge.com/lib/display/?lid=8021008960000$yJapanKnowledge Lib
=880  00$6245-01/{dollar}1$aカタルーニャの歴史と文化 /$cM. ジンマーマン, M. C.ジンマーマン著 ; 田澤耕訳.
=880  \1$6264-02/{dollar}1$a東京 :$b白水社,$c2006.
=880  1\$6490-03/{dollar}1$a文庫クセジュ ;$v896
=880  1\$6700-04/{dollar}1$a田沢耕,$d1953-
=880  \0$6830-05/{dollar}1$a文庫クセジュ ;$v896.
=859  \\$aORR$bJapanKnowledge
=CAT  \\$aW1704-1242$b00$c20170509$lBLL01$h0927
=CAT  \\$aBATCH-UPD$b00$c20170509$lBLL01$h0934
=CAT  \\$aBATCH-UPD$b00$c20170509$lBLL01$h0939
=CAT  \\$aW2003-0365$c20200305$lBLL01$h1101
=FIN  \\$aY$d20170509
=SID  \\$aZ30$bOCLC
=SRC  \\$aJapanKnowledge_2017$bJK_OCLC20170203.mrc
=LAS  \\$aW2003-0365$b00$c20200305$lBLL01$h1101

