=LDR  02565 am a22006257a 4500
=001  018338146
=003  Uk
=005  20170106043020.0
=006  m\\\\\o\\d\\\\\\\\
=007  cr\|||||||||||
=008  100702s1966\\\\ja\a\\\\o\\\\\000\0ajpn\d
=FMT  \\$a  BK
=019  \\$a297319742
=035  \\$a(OCoLC)645959768$z(OCoLC)297319742
=040  \\$aOCLCE$beng$cOCLCE$dOCLCQ$dOCLCO$dOCLCQ$dCUS$dOCLCF$dYUS$dOCLCO$dYUS$dOCLCO$dOCLCQ$dYUS$dOCLCO$dUk$epn
=041  1\$ajpn$hchi
=042  \\$adlr
=050  \4$aDS773.52$b.A35 1966
=084  \\$a289.2$2njb/9
=100  1\$6880-01$aJing, Meijiu,$d1882-1959
=245  10$6880-02$aRyūnichi kaiko :$bichi Chūgoku anakisuto no hansei /$cKei Baikyū cho ; Ōtaka Iwao, Hatano Tarō yaku.
=260  \\$6880-03$aTōkyō :$bHeibonsha,$cShōwa 41 [1966]
=300  \\$a1 online resource (3, 219 pages) :$billustrations.
=336  \\$atext$btxt$2rdacontent
=337  \\$acomputer$bc$2rdamedia
=338  \\$aonline resource$bcr$2rdacarrier
=490  1\$6880-04$aTōyō bunko ;$v81
=588  0\$aPrint version record.
=600  10$6880-05$aJing, Meijiu,$d1882-1959
=600  17$aJing, Meijiu,$d1882-1959$2fast$0(OCoLC)fst00338401
=653  \\$6880-06$aShingaikakumei (1911-1912)
=700  1\$6880-07$aŌtaka, Iwao,$d1905-1971
=700  1\$6880-08$aHatano, Tarō,$d1912-
=773  0\$tJapanKnowledge
=776  08$iPrint version:$aJing, Meijiu, 1882-1959.$tRyūnichi kaiko.$dTōkyō : Heibonsha, Shōwa 41 [1966]
=830  \0$6880-09$aTōyō bunko$v81.
=856  40$3JapanKnowledge$uhttp://japanknowledge.com/lib/display/?lid=80010V0081P0002$yJapanKnowledge Lib
=880  1\$6100-01/{dollar}1$a景梅九,$d1882-1959.
=880  10$6245-02/{dollar}1$a留日回顧 :$b一中国アナキストの半生 /$c景梅九著 ; 大高巖, 波多野太郎訳.
=880  \\$6260-03/{dollar}1$a東京 :$b平凡社,$c昭和 41 [1966]
=880  1\$6490-04/{dollar}1$a東洋文庫 ;$v81
=880  14$6600-05/{dollar}1$a景梅九,$d1882-1959.
=880  \\$6653-06/{dollar}1$a辛亥革命(1911-1912)
=880  1\$6700-07/{dollar}1$a大高巖,$d1905-
=880  1\$6700-08/{dollar}1$a波多野太郎,$d1912-
=880  \0$6830-09/{dollar}1$a東洋文庫 ;$v81.
=859  \\$aORR$bJapanKnowledge
=CAT  \\$aW1704-1242$b00$c20170509$lBLL01$h0927
=CAT  \\$aBATCH-UPD$b00$c20170509$lBLL01$h0934
=CAT  \\$aBATCH-UPD$b00$c20170509$lBLL01$h0939
=CAT  \\$aW2003-0365$c20200305$lBLL01$h1101
=FIN  \\$aY$d20170509
=SID  \\$aZ30$bOCLC
=SRC  \\$aJapanKnowledge_2017$bJK_OCLC20170203.mrc
=LAS  \\$aW2003-0365$b00$c20200305$lBLL01$h1101

