=LDR  02439 am a22006617a 4500
=001  018338147
=003  Uk
=005  20170106043021.0
=006  m\\\\\o\\d\\\\\\\\
=007  cr\|||||||||||
=008  100423s1997\\\\ja\a\\\\ob\\\\000\0\jpn\d
=FMT  \\$a  BK
=020  \\$z4582806228
=020  \\$z9784582806229
=035  \\$a(OCoLC)608771860
=040  \\$aOCLCE$beng$cOCLCE$dOCLCQ$dCUS$dOCLCQ$dOCLCF$dOCLCO$dYUS$dOCLCO$dYUS$dOCLCO$dOCLCQ$dYUS$dOCLCO$dUk$epn
=041  1\$ajpn$hchi
=043  \\$aa-cc---
=050  \4$aQK355 .C86 1997
=084  \\$a627$2njb/9
=245  00$6880-01$aChūgoku no kafu /$cSatō Taketoshi hen'yaku.
=250  \\$6880-02$aShohan.
=260  \\$6880-03$aTōkyō :$bHeibonsha,$c1997.
=300  \\$a1 online resource (325 pages) :$billustrations.
=336  \\$atext$btxt$2rdacontent
=337  \\$acomputer$bc$2rdamedia
=338  \\$aonline resource$bcr$2rdacarrier
=490  1\$6880-04$aTōyō bunkō ;$v622
=504  \\$aIncludes bibliographical references.
=546  \\$aSelection of Chinese botanical works translated into Japanese.
=588  0\$aPrint version record.
=650  \0$aBotany$zChina.
=650  \0$aFlowers$zChina.
=650  \7$aBotany.$2fast$0(OCoLC)fst00836869
=650  \7$aFlowers.$2fast$0(OCoLC)fst00927866
=650  07$6880-05$aKaki.$2jlabsh/3
=651  \7$aChina.$2fast$0(OCoLC)fst01206073
=700  1\$6880-06$aSatō, Taketoshi,$d1920-
=773  0\$tJapanKnowledge
=776  08$iPrint version:$tChūgoku no kafu.$bShohan.$dTōkyō : Heibonsha, 1997
=830  \0$6880-07$aTōyō bunko$v622.
=856  40$3JapanKnowledge$uhttp://japanknowledge.com/lib/display/?lid=80010V0622P0002$yJapanKnowledge Lib
=880  00$6245-01/{dollar}1$a中国の花譜 /$c佐藤武敏編訳.
=880  \\$6250-02/{dollar}1$a初版.
=880  \\$6260-03/{dollar}1$a東京 :$b平凡社,$c1997.
=880  1\$6490-04/{dollar}1$a東洋文庫 ;$v622
=880  07$6650-05/{dollar}1$a花卉.$2jlabsh/3
=880  1\$6700-06/{dollar}1$a佐藤武敏,$d1920-
=880  \0$6830-07/{dollar}1$a東洋文庫 ;$v622.
=859  \\$aORR$bJapanKnowledge
=CAT  \\$aW1704-1242$b00$c20170509$lBLL01$h0927
=CAT  \\$aBATCH-UPD$b00$c20170509$lBLL01$h0934
=CAT  \\$aBATCH-UPD$b00$c20170509$lBLL01$h0939
=CAT  \\$aW2003-0365$c20200305$lBLL01$h1101
=FIN  \\$aY$d20170509
=SID  \\$aZ30$bOCLC
=SRC  \\$aJapanKnowledge_2017$bJK_OCLC20170203.mrc
=LAS  \\$aW2003-0365$b00$c20200305$lBLL01$h1101

