=LDR  02399cam a22005774i 4500
=001  018338148
=003  Uk
=005  20170106043021.0
=006  m\\\\\o\\d\\\\\\\\
=007  cr\|||||||||||
=008  151113s1981\\\\ja\\\\\\ob\\\\000\0\jpn\d
=FMT  \\$a  BK
=035  \\$a(OCoLC)929029040
=040  \\$aWTU$beng$cYUS$dOCLCO$dYUS$dOCLCO$dOCLCF$dUk$erda$epn
=041  1\$ajpn$hfre
=100  1\$aLazard, Madeleine,$eauthor.
=240  10$aRabelais et la Renaissance.$lJapanese
=245  10$6880-01$aRaburē to runesansu /$cMadorēnu Razāru cho ; Shinoda Katsuhide, Miyashita Shirō kyōyaku.
=264  \1$6880-02$aTōkyō :$bHakusuisha,$c1981.
=300  \\$a1 online resource.
=336  \\$atext$btxt$2rdacontent
=337  \\$acomputer$bc$2rdamedia
=338  \\$aonline resource$bcr$2rdacarrier
=490  1\$6880-03$aBunko kuseju ;$v646
=504  \\$aIncludes bibliographical references.
=588  \\$aDescription based on print version.
=600  10$aRabelais, François,$dapproximately 1490-1553?.
=600  17$aRabelais, François,$dapproximately 1490-1553?$2fast$0(OCoLC)fst01842968
=700  1\$6880-04,$aShinoda, Katsuhide,$d1948-$etranslator.
=700  1\$6880-05,$aMiyashita, Shirō,$d1947-$etranslator.
=700  1\$iTranslation of:$aLazard, Madeleine.$tRabelais et la Renaissance.
=773  0\$tJapanKnowledge
=776  08$iPrint version:$tRabelais to runesansu
=830  \0$6880-06$aBunko kuseju$v646.
=856  40$3JapanKnowledge$uhttp://japanknowledge.com/lib/display/?lid=8021006460000$yJapanKnowledge Lib
=880  10$6245-01$aラブレーとルネサンス /$cマドレーヌ・ラザール著 ; 篠田勝英, 宮下志朗共訳.
=880  \1$6264-02$a東京 :$b白水社,$c1981.
=880  1\$6490-03$a文庫クセジュ ;$v646
=880  1\$6700-04$a篠田勝英,$d1948-$etranslator.
=880  1\$6700-05$a宮下志朗,$d1947-$etranslator.
=880  \0$6830-06$a文庫クセジュ ;$v646.
=859  \\$aORR$bJapanKnowledge
=CAT  \\$aW1704-1242$b00$c20170509$lBLL01$h0927
=CAT  \\$aBATCH-UPD$b00$c20170509$lBLL01$h0934
=CAT  \\$aBATCH-UPD$b00$c20170509$lBLL01$h0939
=CAT  \\$aW2003-0365$c20200305$lBLL01$h1101
=CAT  \\$aBATCH-UPD$b00$c20230130$lBLL01$h2041
=FIN  \\$aY$d20170509
=SID  \\$aZ30$bOCLC
=SRC  \\$aJapanKnowledge_2017$bJK_OCLC20170203.mrc
=LAS  \\$aBATCH-UPD$b00$c20230130$lBLL01$h2041

