=LDR  02175 am a22005654i 4500
=001  018338149
=003  Uk
=005  20170106043021.0
=006  m\\\\\o\\d\\\\\\\\
=007  cr\|||||||||||
=008  151113s1969\\\\ja\\\\\\ob\\\\000\0\jpn\d
=FMT  \\$a  BK
=035  \\$a(OCoLC)929029070
=040  \\$aWTU$beng$cYUS$dOCLCO$dYUS$dOCLCO$dOCLCF$dUk$erda$epn
=041  1\$ajpn$hfre
=100  1\$aChauchard, Paul,$d1912-2003,$eauthor.
=240  10$aLa mort.$lJapanese
=245  10$6880-01$aShi /$cPōru Shoshāru cho ; Egami Fujio, Miura Yoshiaki kyōyaku.
=264  \1$6880-02$aTōkyō :$bHakusuisha,$c1969.
=300  \\$a1 online resource.
=336  \\$atext$btxt$2rdacontent
=337  \\$acomputer$bc$2rdamedia
=338  \\$aonline resource$bcr$2rdacarrier
=490  1\$6880-03$aBunko kuseju ;$v60
=504  \\$aIncludes bibliographical references.
=588  \\$aDescription based on print version.
=650  \0$aDeath.
=650  \7$aDeath.$2fast$0(OCoLC)fst00888613
=700  1\$6880-04,$aEgami, Fujio,$d1910-1982$etranslator.
=700  1\$6880-05,$aMiura, Yoshiaki,$d1915-$etranslator.
=700  1\$iTranslation of:$aChauchard, Paul,$d1912-2003.$tLa mort.
=773  0\$tJapanKnowledge
=776  08$iPrint version:$tShi
=830  \0$6880-06$aBunko kuseju$v60.
=856  40$3JapanKnowledge$uhttp://japanknowledge.com/lib/display/?lid=8021000600000$yJapanKnowledge Lib
=880  10$6245-01$a死 /$cポール・ショシャール著 ; 江上不二夫, 三浦義彰共訳.
=880  \1$6264-02$a東京 :$b白水社,$c1969.
=880  1\$6490-03$a文庫クセジュ ;$v60
=880  1\$6700-04$a江上不二夫,$d1910- 1982,$etranslator.
=880  1\$6700-05$a三浦義彰,$d1915-$etranslator.
=880  \0$6830-06$a文庫クセジュ ;$v60.
=859  \\$aORR$bJapanKnowledge
=CAT  \\$aW1704-1242$b00$c20170509$lBLL01$h0927
=CAT  \\$aBATCH-UPD$b00$c20170509$lBLL01$h0934
=CAT  \\$aBATCH-UPD$b00$c20170509$lBLL01$h0939
=CAT  \\$aW2003-0365$c20200305$lBLL01$h1101
=FIN  \\$aY$d20170509
=SID  \\$aZ30$bOCLC
=SRC  \\$aJapanKnowledge_2017$bJK_OCLC20170203.mrc
=LAS  \\$aW2003-0365$b00$c20200305$lBLL01$h1101

