=LDR  02335 am a22005537a 4500
=001  018338150
=003  Uk
=005  20170106043022.0
=006  m\\\\\o\\d\\\\\\\\
=007  cr\|||||||||||
=008  101117s1968\\\\ja\b\\\\ob\\\\000\0bjpn\d
=FMT  \\$a  BK
=019  \\$a639335126
=035  \\$a(OCoLC)681825229$z(OCoLC)639335126
=040  \\$aOCLCE$beng$cOCLCE$dOCLCQ$dCUS$dOCLCQ$dOCLCF$dYUS$dOCLCO$dYUS$dOCLCO$dOCLCQ$dYUS$dOCLCO$dUk$epn
=042  \\$adlr
=050  \4$aDS646.26.R3$bS5
=100  1\$6880-01$aShinobu, Seizaburō,$d1909-1992
=245  10$6880-02$aRaffuruzu den :$bIgirisu kindaiteki shokumin seisaku no keisei to Tōyō shakai /$cShinobu Seizaburō.
=250  \\$6880-03$aShohan.
=260  \\$6880-04$aTōkyō :$bHeibonsha,$cShōwa 43 [1968]
=300  \\$a1 online resource (466 pages) :$bmaps.
=336  \\$atext$btxt$2rdacontent
=337  \\$acomputer$bc$2rdamedia
=338  \\$aonline resource$bcr$2rdacarrier
=490  1\$6880-05$aTōyō bunko ;$v123
=504  \\$aIncludes bibliographical references (pages 443-457).
=588  0\$aPrint version record.
=600  10$aRaffles, Thomas Stamford,$cSir,$d1781-1826.
=600  17$aRaffles, Thomas Stamford,$cSir,$d1781-1826$2fast$0(OCoLC)fst00078208
=773  0\$tJapanKnowledge
=776  08$iPrint version:$aShinobu, Seizaburō, 1909-1992.$tRaffuruzu den.$bShohan.$dTōkyō : Heibonsha, Shōwa 43 [1968]
=830  \0$6880-06$aTōyō bunko$v123.
=856  40$3JapanKnowledge$uhttp://japanknowledge.com/lib/display/?lid=80010V0123P0002$yJapanKnowledge Lib
=880  1\$6100-01/{dollar}1$a信夫清三郎,$d1909-1992.
=880  10$6245-02/{dollar}1$aラッフルズ伝 :$bイギリス近代的植民政策の形成と東洋社会 /$c信夫清三郎.
=880  \\$6250-03/{dollar}1$a初版.
=880  \\$6260-04/{dollar}1$a東京 :$b平凡社,$c昭和43 [1968]
=880  1\$6490-05/{dollar}1$a東洋文庫 ;$v123
=880  \0$6830-06/{dollar}1$a東洋文庫 ;$v123.
=859  \\$aORR$bJapanKnowledge
=CAT  \\$aW1704-1242$b00$c20170509$lBLL01$h0927
=CAT  \\$aBATCH-UPD$b00$c20170509$lBLL01$h0934
=CAT  \\$aBATCH-UPD$b00$c20170509$lBLL01$h0939
=CAT  \\$aW2003-0365$c20200305$lBLL01$h1101
=FIN  \\$aY$d20170509
=SID  \\$aZ30$bOCLC
=SRC  \\$aJapanKnowledge_2017$bJK_OCLC20170203.mrc
=LAS  \\$aW2003-0365$b00$c20200305$lBLL01$h1101

