=LDR  03412 am a22007217a 4500
=001  018338151
=003  Uk
=005  20170106043022.0
=006  m\\\\\o\\d\\\\\\\\
=007  cr\|||||||||||
=008  100420s1974\\\\ja\\\\\\ob\\\\001\0\jpn\d
=FMT  \\$a  BK
=019  \\$a300800326
=035  \\$a(OCoLC)608381021$z(OCoLC)300800326
=040  \\$aOCLCE$beng$cOCLCE$dOCLCQ$dCUS$dOCLCQ$dOCLCF$dOCLCO$dOCL$dYUS$dOCLCO$dYUS$dOCLCO$dOCLCQ$dYUS$dOCLCO$dUk$epn
=042  \\$adlr
=043  \\$aa-cc---
=050  \4$aK155.C5$bN53
=100  1\$6880-01$aNiida, Noboru,$d1904-1966
=245  10$6880-02$aChūgoku no dentō to kakumei :$bNiida Noboru shū /$cUbukata Naokichi, Fukushima Masao hen.
=250  \\$6880-03$aShohan.
=260  \\$6880-04$aTōkyō :$bHeibonsha,$cShōwa 49 [1974]
=300  \\$a1 online resource (2 volumes).
=336  \\$atext$btxt$2rdacontent
=337  \\$acomputer$bc$2rdamedia
=338  \\$aonline resource$bcr$2rdacarrier
=490  1\$6880-05$aTōyō bunko ;$v250, 255
=504  \\$aIncludes bibliographical references and index.
=504  \\$aList of the author's works: v. 2, pages 385-416.
=505  8\$aTôyô hôshigaku no shomondai : sono hansei to kadai -- Hikakuhôshi yori mitaru tôyôhô no nidanmen -- Teikôken no ishiki o megutte -- Kon'inhô -- Chûgoku jinmin minshu shugi kakumei to kazoku -- Chûka jinmin kyôwakoku kon'inhô -- Atarashii chûgoku no hô to dôtoku -- Hôshigaku kara miru bungaku sakuhin -- Shina kinsei no gikyoku shôsetsu ni mietaru shihô -- Bunken kaidai -- Zassan.
=588  0\$aPrint version record.
=650  \0$aLaw$zChina$xHistory.
=650  \7$aLaw.$2fast$0(OCoLC)fst00993678
=650  \7$aSocial conditions$2fast$0(OCoLC)fst01919811
=651  \0$aChina$xSocial conditions.
=651  \7$aChina.$2fast$0(OCoLC)fst01206073
=655  \7$aHistory.$2fast$0(OCoLC)fst01411628
=700  1\$6880-06$aUbukata, Naokichi,$d1905-1991
=700  1\$6880-07$aFukushima, Masao,$d1906-1989
=773  0\$tJapanKnowledge
=776  08$iPrint version:$aNiida, Noboru, 1904-1966.$tChūgoku no dentō to kakumei.$dTōkyō : Heibonsha, Shōwa 49 [1974]
=830  \0$6880-08$aTōyō bunko$v250, 255.
=856  40$3JapanKnowledge Volume 1$uhttp://japanknowledge.com/lib/display/?lid=80010V0250P0002$yJapanKnowledge Lib
=856  40$3JapanKnowledge Volume 2$uhttp://japanknowledge.com/lib/display/?lid=80010V0255P0002$yJapanKnowledge Lib
=880  1\$6100-01/{dollar}1$a仁井田陞,$d1904-1966.
=880  10$6245-02/{dollar}1$a中国の伝統と革命 :$b仁井田陞集 /$c幼方直吉, 福島正夫編.
=880  \\$6250-03/{dollar}1$a初版.
=880  \\$6260-04/{dollar}1$a東京 :$b平凡社,$c昭和49 [1974]
=880  1\$6490-05/{dollar}1$a東洋文庫 ;$v250, 255
=880  1\$6700-06/{dollar}1$a幼方直吉,$d1905-1991.
=880  1\$6700-07/{dollar}1$a福島正夫,$d1906-
=880  \0$6830-08/{dollar}1$a東洋文庫 ;$v250, 255.
=859  \\$aORR$bJapanKnowledge
=CAT  \\$aW1704-1242$b00$c20170509$lBLL01$h0927
=CAT  \\$aBATCH-UPD$b00$c20170509$lBLL01$h0934
=CAT  \\$aBATCH-UPD$b00$c20170509$lBLL01$h0939
=CAT  \\$a14633$b40$c20171123$lBLL01$h1458
=CAT  \\$aR1811-0573$c20181108$lBLL01$h1734
=CAT  \\$aW2003-0365$c20200305$lBLL01$h1101
=FIN  \\$aY$d20170509
=SID  \\$aZ30$bOCLC
=SRC  \\$aJapanKnowledge_2017$bJK_OCLC20170203.mrc
=LAS  \\$aW2003-0365$b00$c20200305$lBLL01$h1101

