=LDR  01841 am a22005054i 4500
=001  018338152
=003  Uk
=005  20170106043023.0
=006  m\\\\\o\\d\\\\\\\\
=007  cr\|||||||||||
=008  151113s2009\\\\ja\\\\\\od\\\\000\0\jpn\d
=FMT  \\$a  BK
=020  \\$z4767490251
=020  \\$z9784767490250
=035  \\$a(OCoLC)929030776
=040  \\$aYUS$beng$cYUS$dYUS$dOCLCO$dOCLCF$dUk$erda$epn
=041  0\$ajpn$alat
=245  00$6880-01$aRa-Wa jiten /$cMizutani Tomohiro hen.
=264  \1$6880-02$aTōkyō :$bKenkyūsha,$c2009.
=300  \\$a1 online resource
=336  \\$atext$btxt$2rdacontent
=337  \\$acomputer$bc$2rdamedia
=338  \\$aonline resource$bcr$2rdacarrier
=588  \\$aDescription based on print version.
=650  \0$aLatin language$vDictionaries$xJapanese.
=650  \0$aJapanese language$vDictionaries$xLatin.
=650  \7$aJapanese language.$2fast$0(OCoLC)fst00981565
=650  \7$aLatin language.$2fast$0(OCoLC)fst00993125
=655  \7$aDictionaries.$2fast$0(OCoLC)fst01423826
=700  1\$6880-03$aMizutani, Tomohiro,$d1940-
=773  0\$tJapanKnowledge
=776  08$iPrint version:$tRawa jiten
=856  40$3JapanKnowledge$uhttp://japanknowledge.com/lib/search/basic/index.html?cids=42550%2C42551$yJapanKnowledge Lib
=880  00$6245-01/{dollar}1$a羅和辞典 /$c水谷智洋編.
=880  \1$6264-02/{dollar}1$a東京 :$b研究社,$c2009.
=880  1\$6700-03/{dollar}1$a水谷智洋,$d1940-
=859  \\$aORR$bJapanKnowledge
=CAT  \\$aW1704-1242$b00$c20170509$lBLL01$h0927
=CAT  \\$aBATCH-UPD$b00$c20170509$lBLL01$h0934
=CAT  \\$aBATCH-UPD$b00$c20170509$lBLL01$h0939
=CAT  \\$aW2003-0365$c20200305$lBLL01$h1101
=FIN  \\$aY$d20170509
=SID  \\$aZ30$bOCLC
=SRC  \\$aJapanKnowledge_2017$bJK_OCLC20170203.mrc
=LAS  \\$aW2003-0365$b00$c20200305$lBLL01$h1101

