=LDR  02020 am a22005534i 4500
=001  018338153
=003  Uk
=005  20170106043023.0
=006  m\\\\\o\\d\\\\\\\\
=007  cr\|||||||||||
=008  151113s2003\\\\ja\\\\\\o\\\\\000\0\jpn\d
=FMT  \\$a  BK
=020  \\$z4560058709
=020  \\$z9784560058701
=035  \\$a(OCoLC)929030745
=040  \\$aYUS$beng$cYUS$dYUS$dOCLCO$dOCLCF$dUk$erda$epn
=041  1\$ajpn$hfre
=043  \\$amm-----
=245  00$6880-01$aBizantsu Teikoku shi /$cPōru Rumeruru cho ; Nishimura Rokurō yaku.
=264  \1$6880-02$aTōkyō :$bHakusuisha,$c2003.
=300  \\$a1 online resource.
=336  \\$atext$btxt$2rdacontent
=337  \\$acomputer$bc$2rdamedia
=338  \\$aonline resource$bcr$2rdacarrier
=490  1\$6880-03$aBunko kuseju ;$v870
=588  \\$aDescription based on print version.
=651  \0$aByzantine Empire$xHistory.
=651  \7$aByzantine Empire.$2fast$0(OCoLC)fst01209292
=655  \7$aHistory.$2fast$0(OCoLC)fst01411628
=700  1\$6880-04$aNishimura, Rokurō,$d1931-
=700  1\$aLemerle, Paul,$d1903-1989.
=730  0\$aHistoire de Byzance.
=773  0\$tJapanKnowledge
=776  08$iPrint version:$tBizantsu teikokushi.
=830  \0$6880-05$aBunko kuseju$v870.
=856  40$3JapanKnowledge$uhttp://japanknowledge.com/lib/display/?lid=8021008700000$yJapanKnowledge Lib
=880  00$6245-01/{dollar}1$aビザンツ帝国史 /$cポール・ルメルル著 ; 西村六郎訳.
=880  \1$6264-02/{dollar}1$a東京 :$b白水社,$c2003.
=880  1\$6490-03/{dollar}1$a文庫クセジュ ;$v870
=880  1\$6700-04/{dollar}1$a西村六郎,$d1931-
=880  \0$6830-05/{dollar}1$a文庫クセジュ ;$v870.
=859  \\$aORR$bJapanKnowledge
=CAT  \\$aW1704-1242$b00$c20170509$lBLL01$h0927
=CAT  \\$aBATCH-UPD$b00$c20170509$lBLL01$h0934
=CAT  \\$aW2003-0365$c20200305$lBLL01$h1101
=FIN  \\$aY$d20170509
=SID  \\$aZ30$bOCLC
=SRC  \\$aJapanKnowledge_2017$bJK_OCLC20170203.mrc
=LAS  \\$aW2003-0365$b00$c20200305$lBLL01$h1101

