=LDR  02394 am a22005654i 4500
=001  018338154
=003  Uk
=005  20170106043024.0
=006  m\\\\\o\\d\\\\\\\\
=007  cr\|||||||||||
=008  151113s1961\\\\ja\\\\\\ob\\\\001\0\jpn\d
=FMT  \\$a  BK
=035  \\$a(OCoLC)929028979
=040  \\$aSTF$beng$cYUS$dOCLCO$dYUS$dOCLCO$dOCLCF$dUk$erda$epn
=041  1\$ajpn$hfre
=050  \4$aML315$b.S82163 1961
=100  1\$aSubirá, José,$d1882-1980,$eauthor.
=240  10$aMusique Espagnole.$lJapanese
=245  10$6880-01$aSupein ongaku /$cHose Subira cho ; Hamada Jirō yaku.
=264  \1$6880-02$aTōkyō :$bHakusuisha,$c1961.
=300  \\$a1 online resource (153, 7 pages).
=336  \\$atext$btxt$2rdacontent
=337  \\$acomputer$bc$2rdamedia
=338  \\$aonline resource$bcr$2rdacarrier
=490  1\$6880-03$aBunko kuseju ;$v306
=504  \\$aIncludes bibliographical references and index.
=588  \\$aDescription based on print version record.
=650  \0$aMusic$zSpain$xHistory and criticism.
=650  \7$aMusic.$2fast$0(OCoLC)fst01030269
=651  \7$aSpain.$2fast$0(OCoLC)fst01204303
=655  \7$aCriticism, interpretation, etc.$2fast$0(OCoLC)fst01411635
=700  1\$6880-04$aHamada, Jirō,$d1935-$etranslator.
=773  0\$tJapanKnowledge
=776  08$6880-05$iPrint version:$aSubirá, José, 1882-1980.$sMusique Espagnole. Japanese.$tSupein ongaku.$dTōkyō : Hakusuisha, 1961
=830  \0$6880-06$aBunko kuseju$v306.
=856  40$3JapanKnowledge$uhttp://japanknowledge.com/lib/display/?lid=8021003060000$yJapanKnowledge Lib
=880  10$6245-01$aスペイン音楽 /$cホセ・スビラ著 ; 浜田滋郎訳.
=880  \1$6264-02$a東京 :$b白水社,$c1961.
=880  1\$6490-03$a文庫クセジュ ;$v306
=880  1\$6700-04$a浜田滋郎,$d1935-$etranslator.
=880  08$6776-05$iPrint version:$aSubirá, José, 1882-1980.$sMusique Espagnole. Japanese.$tスペイン音楽.$d東京 : 白水社, 1961$w(OCoLC)33654393
=880  \0$6830-06$a文庫クセジュ ;$v306.
=859  \\$aORR$bJapanKnowledge
=CAT  \\$aW1704-1242$b00$c20170509$lBLL01$h0927
=CAT  \\$aBATCH-UPD$b00$c20170509$lBLL01$h0934
=CAT  \\$aW2003-0365$c20200305$lBLL01$h1101
=FIN  \\$aY$d20170509
=SID  \\$aZ30$bOCLC
=SRC  \\$aJapanKnowledge_2017$bJK_OCLC20170203.mrc
=LAS  \\$aW2003-0365$b00$c20200305$lBLL01$h1101

