=LDR  01953 am a22005294i 4500
=001  018338155
=003  Uk
=005  20170106043024.0
=006  m\\\\\o\\d\\\\\\\\
=007  cr\|||||||||||
=008  151113s1987\\\\ja\\\\\\o\\\\\000\0\jpn\d
=FMT  \\$a  BK
=020  \\$z4560056803
=020  \\$z9784560056806
=035  \\$a(OCoLC)929030628
=040  \\$aYUS$beng$cYUS$dYUS$dOCLCO$dOCLCF$dUk$erda$epn
=041  1\$ajpn$hfre
=100  1\$aDupuy, Maurice,$eauthor.
=240  10$aPhilosophie allemande.$lJapanese
=245  10$6880-01$aDoitsu tetsugakushi /$cMōrisu Dupyui [cho] ; Harada Yoshihiko yaku.
=264  \1$6880-02$aTōkyō :$bHakusuisha,$c1987.
=300  \\$a1 online resource.
=336  \\$atext$btxt$2rdacontent
=337  \\$acomputer$bc$2rdamedia
=338  \\$aonline resource$bcr$2rdacarrier
=490  1\$6880-03$aBunko kuseju ;$v680
=588  \\$aDescription based on print version.
=650  \0$aPhilosophy, German.
=650  \7$aPhilosophy, German.$2fast$0(OCoLC)fst01060969
=700  1\$6880-04$aHarada, Yoshihiko,$d1944-
=773  0\$tJapanKnowledge
=776  08$iPrint version:$tDoitsu tetsugakushi.
=830  \0$6880-05$aBunko kuseju$v680.
=856  40$3JapanKnowledge$uhttp://japanknowledge.com/lib/display/?lid=8021006800000$yJapanKnowledge Lib
=880  10$6245-01/{dollar}1$aドイツ哲学史 /$cモーリス・デュピュイ [著] ; 原田佳彦訳.
=880  \1$6264-02/{dollar}1$a東京 :$b白水社,$c1987.
=880  1\$6490-03/{dollar}1$a文庫クセジュ ;$v680
=880  1\$6700-04/{dollar}1$a原田佳彦,$d1944-
=880  \0$6830-05/{dollar}1$a文庫クセジュ ;$v680.
=859  \\$aORR$bJapanKnowledge
=CAT  \\$aW1704-1242$b00$c20170509$lBLL01$h0927
=CAT  \\$aBATCH-UPD$b00$c20170509$lBLL01$h0934
=CAT  \\$aW2003-0365$c20200305$lBLL01$h1101
=FIN  \\$aY$d20170509
=SID  \\$aZ30$bOCLC
=SRC  \\$aJapanKnowledge_2017$bJK_OCLC20170203.mrc
=LAS  \\$aW2003-0365$b00$c20200305$lBLL01$h1101

