=LDR  02498 am a22006374i 4500
=001  018338156
=003  Uk
=005  20170106043024.0
=006  m\\\\\o\\d\\\\\\\\
=007  cr\|||||||||||
=008  151113s2004\\\\ja\\\\\\o\\\\\000\0\jpn\d
=FMT  \\$a  BK
=020  \\$z4560058792
=020  \\$z9784560058794
=035  \\$a(OCoLC)929031287
=040  \\$aCNEAL$beng$cYUS$dOCLCO$dYUS$dOCLCO$dOCLCF$dOCL$dUk$erda$epn
=041  1\$ajpn$hfre
=050  \4$aDA485$b.M55165 2004f
=100  1\$aMinois, Georges,$d1946-$eauthor.
=240  10$aAngleterre ǧorgienne.$lJapanese
=245  10$6880-01$aJōji ōchō jidai no Igirisu /$cJoruju Minowa cho ; Tezuka Ririko, Tezuka Kyōsuke yaku.
=264  \1$6880-02$aTōkyō :$bHakusuisha,$c2004.
=300  \\$a1 online resource.
=336  \\$atext$btxt$2rdacontent
=337  \\$acomputer$bc$2rdamedia
=338  \\$aonline resource$bcr$2rdacarrier
=490  1\$6880-03$aBunko kuseju ;$v879
=500  \\$aTranslation of: L'Angleterre ǧorgienne.
=588  \\$aDescription based on print version.
=648  \7$a1700-1837$2fast
=650  \7$aCivilization.$2fast$0(OCoLC)fst00862898
=651  \0$aGreat Britain$xCivilization$y18th century.
=651  \0$aGreat Britain$xHistory$y1714-1837.
=651  \7$aGreat Britain.$2fast$0(OCoLC)fst01204623
=655  \7$aHistory.$2fast$0(OCoLC)fst01411628
=700  1\$6880-04$aTezuka, Ririko,$d1934-
=700  1\$6880-05$aTezuka, Kyōsuke,$d1935-
=773  0\$tJapanKnowledge
=776  08$iPrint version:$tJōji ōchō jidai no igirisu.
=830  \0$6880-06$aBunko kuseju$v879.
=856  40$3JapanKnowledge$uhttp://japanknowledge.com/lib/display/?lid=8021008790000$yJapanKnowledge Lib
=880  10$6245-01/{dollar}1$aジョージ王朝時代のイギリス /$cジョルジュ・ミノワ著 ; 手塚リリ子,手塚喬介訳.
=880  \1$6264-02/{dollar}1$a東京 :$b白水社,$c2004.
=880  1\$6490-03/{dollar}1$a文庫クセジュ ;$v879
=880  1\$6700-04/{dollar}1$a手塚リリ子,$d1934-
=880  1\$6700-05/{dollar}1$a手塚喬介,$d1935-
=880  \0$6830-06/{dollar}1$a文庫クセジュ ;$v879.
=859  \\$aORR$bJapanKnowledge
=CAT  \\$aW1704-1242$b00$c20170509$lBLL01$h0927
=CAT  \\$aBATCH-UPD$b00$c20170509$lBLL01$h0934
=CAT  \\$aBATCH-UPD$b00$c20170509$lBLL01$h0939
=CAT  \\$aW2003-0365$c20200305$lBLL01$h1101
=FIN  \\$aY$d20170509
=SID  \\$aZ30$bOCLC
=SRC  \\$aJapanKnowledge_2017$bJK_OCLC20170203.mrc
=LAS  \\$aW2003-0365$b00$c20200305$lBLL01$h1101

