=LDR  02031 am a22005654i 4500
=001  018338157
=003  Uk
=005  20170106043024.0
=006  m\\\\\o\\d\\\\\\\\
=007  cr\|||||||||||
=008  151113s2002\\\\ja\\\\\\o\\\\\000\0\jpn\d
=FMT  \\$a  BK
=020  \\$z4560058539
=020  \\$z9784560058534
=035  \\$a(OCoLC)929030744
=040  \\$aYUS$beng$cYUS$dYUS$dOCLCO$dOCLCF$dUk$erda$epn
=041  1\$ajpn$hfre
=043  \\$ae-fr---
=245  00$6880-01$aPari no rekishi /$cIvan Konbō cho ; Kobayashi Shigeru yaku.
=264  \1$6880-02$aTōkyō :$bHakusuisha,$c2002.
=300  \\$a1 online resource.
=336  \\$atext$btxt$2rdacontent
=337  \\$acomputer$bc$2rdamedia
=338  \\$aonline resource$bcr$2rdacarrier
=490  1\$6880-03$aBunko kuseju ;$v853
=588  \\$aDescription based on print version.
=651  \0$aParis (France)$xHistory.
=651  \7$aFrance$zParis.$2fast$0(OCoLC)fst01205283
=655  \7$aHistory.$2fast$0(OCoLC)fst01411628
=700  1\$6880-04$aKobayashi, Shigeru,$d1942-
=700  1\$aCombeau, Yvan.
=730  0\$aHistorie de Paris.
=773  0\$tJapanKnowledge
=776  08$iPrint version:$tPari no rekishi.
=830  \0$6880-05$aBunko kuseju$v853.
=856  40$3JapanKnowledge$uhttp://japanknowledge.com/lib/display/?lid=8021008530000$yJapanKnowledge Lib
=880  00$6245-01/{dollar}1$aパリの歴史 /$cイヴァン・コンボー著 ; 小林茂訳.
=880  \1$6264-02/{dollar}1$a東京 :$b白水社,$c2002.
=880  1\$6490-03/{dollar}1$a文庫クセジュ ;$v853
=880  1\$6700-04/{dollar}1$a小林茂,$d1942-
=880  \0$6830-05/{dollar}1$a文庫クセジュ ;$v853.
=859  \\$aORR$bJapanKnowledge
=CAT  \\$aW1704-1242$b00$c20170509$lBLL01$h0927
=CAT  \\$aBATCH-UPD$b00$c20170509$lBLL01$h0934
=CAT  \\$aBATCH-UPD$b00$c20170509$lBLL01$h0939
=CAT  \\$aW2003-0365$c20200305$lBLL01$h1101
=FIN  \\$aY$d20170509
=SID  \\$aZ30$bOCLC
=SRC  \\$aJapanKnowledge_2017$bJK_OCLC20170203.mrc
=LAS  \\$aW2003-0365$b00$c20200305$lBLL01$h1101

