=LDR  02940 am a22007337a 4500
=001  018338158
=003  Uk
=005  20170106043025.0
=006  m\\\\\o\\d\\\\\\\\
=007  cr\|||||||||||
=008  111018m19941998ja\ab\\\ob\\\\001\1\jpn\d
=FMT  \\$a  BK
=019  \\$a928950494
=020  \\$z4096580201$q(v. 1)
=020  \\$z9784096580202$q(v. 1)
=020  \\$z409658021X$q(v. 2)
=020  \\$z9784096580219$q(v. 2)
=020  \\$z4096580228$q(v. 3)
=020  \\$z9784096580226$q(v. 3)
=020  \\$z4096580236$q(v. 4)
=020  \\$z9784096580233$q(v. 4)
=020  \\$z4096580244$q(v. 5)
=020  \\$z9784096580240$q(v. 5)
=020  \\$z4096580252$q(v. 6)
=020  \\$z9784096580257$q(v. 6)
=035  \\$a(OCoLC)757565106$z(OCoLC)928950494
=040  \\$aOCLCE$beng$cOCLCE$dOCLCQ$dOCLCO$dOCLCA$dOCLCQ$dOCLCF$dOCLCA$dYUS$dOCLCO$dOCLCQ$dYUS$dOCLCO$dUk$epn
=050  \4$aPL788.4$b.G4 1994
=082  04$a895.608$bS556, 1994, v. 20-25
=100  0\$6880-01$aMurasaki Shikibu,$d978?-
=245  10$6880-02$aGenji monogatari /$ckōchū, yaku Abe Akio [and others].
=250  \\$6880-03$aDai 1-han.
=260  \\$6880-04$aTōkyō :$bShōgakkan,$c1994-1998.
=300  \\$a1 online resource (6 volumes) :$billustrations (some color), maps.
=336  \\$atext$btxt$2rdacontent
=337  \\$acomputer$bc$2rdamedia
=338  \\$aonline resource$bcr$2rdacarrier
=490  1\$6880-05$aShinpen Nihon koten bungaku zenshū ;$v20-25
=504  \\$aIncludes bibliographical references and index.
=588  0\$aPrint version record.
=600  00$aMurasaki Shikibu,$d978?-$tGenji monogatari.
=630  07$aGenji monogatari (Murasaki Shikibu)$2fast$0(OCoLC)fst01357316
=700  1\$6880-06$aAbe, Akio,$d1910-1999
=773  0\$tJapanKnowledge
=776  08$iPrint version:$aMurasaki Shikibu, 978?-$tGenji monogatari.$bDai 1-han.$dTōkyō : Shōgakkan, 1994-1998
=830  \0$6880-07$aShinpen Nihon koten bungaku zenshū$v20-25.
=856  40$3JapanKnowledge$uhttp://japanknowledge.com/lib/display/?lid=80110V00200013$yJapanKnowledge Lib
=880  0\$6100-01/{dollar}1$a紫式部,$d978?-
=880  10$6245-02/{dollar}1$a源氏物語 /$c校注・訳阿部秋生 [and others].
=880  \\$6250-03/{dollar}1$a第 1版.
=880  \\$6260-04/{dollar}1$a東京 :$b小学館,$c1994-1998.
=880  \1$6264-00/{dollar}1$a東京 :$b小学館,$c1994-1998.
=880  1\$6490-05/{dollar}1$a新編日本古典文学全集 ;$v20-25
=880  1\$6700-06/{dollar}1$a阿部秋生,$d1910-1999.
=880  \0$6830-07/{dollar}1$a新編日本古典文学全集 ;$v20-25.
=859  \\$aORR$bJapanKnowledge
=CAT  \\$aW1704-1242$b00$c20170509$lBLL01$h0927
=CAT  \\$aBATCH-UPD$b00$c20170509$lBLL01$h0934
=CAT  \\$aW2003-0365$c20200305$lBLL01$h1101
=CAT  \\$aBATCH-UPD$b00$c20200918$lBLL01$h2045
=FIN  \\$aY$d20170509
=SID  \\$aZ30$bOCLC
=SRC  \\$aJapanKnowledge_2017$bJK_OCLC20170203.mrc
=LAS  \\$aBATCH-UPD$b00$c20200918$lBLL01$h2045

