=LDR  02220 am a22005534i 4500
=001  018338159
=003  Uk
=005  20170106043025.0
=006  m\\\\\o\\d\\\\\\\\
=007  cr\|||||||||||
=008  151113s1972\\\\ja\\\\\\ob\\\\000\0\jpn\d
=FMT  \\$a  BK
=035  \\$a(OCoLC)929029056
=040  \\$aWTU$beng$cYUS$dOCLCO$dYUS$dOCLCO$dOCLCF$dUk$erda$epn
=041  1\$ajpn$hfre
=100  1\$aMossé, Claude,$d1924-$eauthor.
=240  10$aHistoire des doctrines politiques en Grèce.$lJapanese
=245  10$6880-01$aGirishia no seiji shisō /$cKurōdo Mose cho ; Fukushima Yasuo yaku.
=264  \1$6880-02$aTōkyō :$bHakusuisha,$c1972.
=300  \\$a1 online resource.
=336  \\$atext$btxt$2rdacontent
=337  \\$acomputer$bc$2rdamedia
=338  \\$aonline resource$bcr$2rdacarrier
=490  1\$6880-03$aBunko kuseju ;$v510
=504  \\$aIncludes bibliographical references.
=588  \\$aDescription based on print version.
=650  \0$aPolitical science$zGreece$xHistory.
=650  \7$aPolitical science.$2fast$0(OCoLC)fst01069781
=651  \7$aGreece.$2fast$0(OCoLC)fst01208380
=655  \7$aHistory.$2fast$0(OCoLC)fst01411628
=700  1\$6880-04$aFukushima, Yasuo,$d1928-$etranslator.
=700  1\$iTranslation of:$aMossé, Claude,$d1924-$tHistoire des doctrines politiques en Grèce.
=773  0\$tJapanKnowledge
=776  08$iPrint version:$tGirishia no seiji shisō
=830  \0$6880-05$aBunko kuseju$v510.
=856  40$3JapanKnowledge$uhttp://japanknowledge.com/lib/display/?lid=8021005100000$yJapanKnowledge Lib
=880  10$6245-01$aギリシアの政治思想 /$cクロード・モセ著 ; 福島保夫訳.
=880  \1$6264-02$a東京 :$b白水社,$c1972.
=880  1\$6490-03$a文庫クセジュ ;$v510
=880  1\$6700-04$a福島保夫,$d1928-$etranslator.
=880  \0$6830-05$a文庫クセジュ ;$v510.
=859  \\$aORR$bJapanKnowledge
=CAT  \\$aW1704-1242$b00$c20170509$lBLL01$h0927
=CAT  \\$aBATCH-UPD$b00$c20170509$lBLL01$h0934
=CAT  \\$aW2003-0365$c20200305$lBLL01$h1101
=FIN  \\$aY$d20170509
=SID  \\$aZ30$bOCLC
=SRC  \\$aJapanKnowledge_2017$bJK_OCLC20170203.mrc
=LAS  \\$aW2003-0365$b00$c20200305$lBLL01$h1101

