=LDR  02178 am a22005894i 4500
=001  018338160
=003  Uk
=005  20170106043025.0
=006  m\\\\\o\\d\\\\\\\\
=007  cr\|||||||||||
=008  151113s1993\\\\ja\\\\\\o\\\\\000\0\jpn\d
=FMT  \\$a  BK
=020  \\$z4560057400
=020  \\$z9784560057407
=035  \\$a(OCoLC)929031286
=040  \\$aCNEAL$beng$cYUS$dOCLCO$dYUS$dOCLCO$dOCLCF$dOCLCO$dUk$erda$epn
=041  1\$ajpn$hfre
=050  \4$aHQ1121$b.M54165 1993
=100  10$aMichel, Andrée,$eauthor.
=240  10$aFéminisme.$lJapanese
=245  10$6880-01$aFeminizumu no sekaishi /$cAndore Misheru [cho] ; Murakami Mayumi yaku.
=264  \1$6880-02$aTōkyō :$bHakusuisha,$c1993.
=300  \\$a1 online resource.
=336  \\$atext$btxt$2rdacontent
=337  \\$acomputer$bc$2rdamedia
=338  \\$aonline resource$bcr$2rdacarrier
=490  1\$6880-03$aBunko kuseju ;$v740
=500  \\$aTranslation of: Le féminisme.
=588  \\$aDescription based on print version.
=650  \0$aFeminism$xHistory.
=650  \0$aWomen$xHistory.
=650  \7$aFeminism.$2fast$0(OCoLC)fst00922671
=650  \7$aWomen.$2fast$0(OCoLC)fst01176568
=655  \7$aHistory.$2fast$0(OCoLC)fst01411628
=700  1\$6880-04$aMurakami, Mayumi,$d1951-
=773  0\$tJapanKnowledge
=776  08$iPrint version:$tFeminizumu no sekaishi.
=830  \0$6880-05$aBunko kuseju$v740.
=856  40$3JapanKnowledge$uhttp://japanknowledge.com/lib/display/?lid=8021007400000$yJapanKnowledge Lib
=880  10$6245-01/{dollar}1$aフェミニズムの世界史 /$cアンドレ・ミシェル[著] ; 村上真弓訳.
=880  \1$6264-02/{dollar}1$a東京 :$b白水社,$c1993.
=880  1\$6490-03/{dollar}1$a文庫クセジュ ;$v740
=880  1\$6700-04/{dollar}1$a村上真弓,$d1951-
=880  \0$6830-05/{dollar}1$a文庫クセジュ ;$v740.
=859  \\$aORR$bJapanKnowledge
=CAT  \\$aW1704-1242$b00$c20170509$lBLL01$h0927
=CAT  \\$aBATCH-UPD$b00$c20170509$lBLL01$h0934
=CAT  \\$aW2003-0365$c20200305$lBLL01$h1101
=FIN  \\$aY$d20170509
=SID  \\$aZ30$bOCLC
=SRC  \\$aJapanKnowledge_2017$bJK_OCLC20170203.mrc
=LAS  \\$aW2003-0365$b00$c20200305$lBLL01$h1101

