=LDR  02401 am a22005897a 4500
=001  018338161
=003  Uk
=005  20170106043026.0
=006  m\\\\\o\\d\\\\\\\\
=007  cr\|||||||||||
=008  100626m19631964ja\a\\\\o\\\\\000\0\jpn\d
=FMT  \\$a  BK
=019  \\$a300551599
=035  \\$a(OCoLC)644322092$z(OCoLC)300551599
=040  \\$aOCLCE$beng$cOCLCE$dOCLCQ$dOCLCO$dCUS$dOCLCQ$dOCLCF$dYUS$dOCLCO$dYUS$dOCLCO$dOCLCQ$dYUS$dOCLCO$dUk$epn
=042  \\$adlr
=043  \\$aa-ja---
=050  \4$aBL1442.P8$bG4
=100  0\$6880-01$aGenshin,$d942-1017
=245  10$6880-02$aŌjō yōshū :$bNihon Jōdokyō no yoake /$cGenshin [cho] ; Ishida Mizumaro yaku.
=260  \\$6880-03$aTōkyō :$bHeibonsha,$c1963-1964.
=300  \\$a1 online resource (2 volumes) :$billustrations.
=336  \\$atext$btxt$2rdacontent
=337  \\$acomputer$bc$2rdamedia
=338  \\$aonline resource$bcr$2rdacarrier
=490  1\$6880-04$aTōyō bunko ;$v8, 21
=588  0\$aPrint version record.
=650  \0$aPure Land Buddhism$zJapan.
=650  \7$aPure Land Buddhism.$2fast$0(OCoLC)fst01084308
=651  \7$aJapan.$2fast$0(OCoLC)fst01204082
=700  1\$6880-05$aIshida, Mizumaro.
=773  0\$tJapanKnowledge
=776  08$iPrint version:$aGenshin, 942-1017.$tŌjō yōshū.$dTōkyō : Heibonsha, 1963-1964
=830  \0$6880-06$aTōyō bunko$v8, 21.
=856  40$3JapanKnowledge Volume 1$uhttp://japanknowledge.com/lib/display/?lid=80010V0008P0002$yJapanKnowledge Lib
=856  40$3JapanKnowledge Volume 2$uhttp://japanknowledge.com/lib/display/?lid=80010V0021P0002$yJapanKnowledge Lib
=880  0\$6100-01/{dollar}1$a源信,$d942-1017.
=880  10$6245-02/{dollar}1$a往生要集 :$b日本浄土敎の夜明け /$c源信[著] ; 石田瑞麿訳.
=880  \\$6260-03/{dollar}1$a東京 :$b平凡社,$c1963-1964.
=880  \\$6250-00/{dollar}1$a初版.
=880  0\$6490-00/{dollar}1$a東洋文庫 ;$v21
=880  1\$6490-04/{dollar}1$a東洋文庫 ;$v8, 21
=880  1\$6700-05/{dollar}1$a石田瑞麿,$eeditor.
=880  \0$6830-06/{dollar}1$a東洋文庫 ;$v8, 21.
=859  \\$aORR$bJapanKnowledge
=CAT  \\$aW1704-1242$b00$c20170509$lBLL01$h0927
=CAT  \\$aBATCH-UPD$b00$c20170509$lBLL01$h0934
=CAT  \\$aW2003-0365$c20200305$lBLL01$h1101
=FIN  \\$aY$d20170509
=SID  \\$aZ30$bOCLC
=SRC  \\$aJapanKnowledge_2017$bJK_OCLC20170203.mrc
=LAS  \\$aW2003-0365$b00$c20200305$lBLL01$h1101

