=LDR  02271 am a22006014i 4500
=001  018338162
=003  Uk
=005  20170106043026.0
=006  m\\\\\o\\d\\\\\\\\
=007  cr\|||||||||||
=008  151113s2000\\\\ja\\\\\\o\\\\\000\0\jpn\d
=FMT  \\$a  BK
=020  \\$z4560058342
=020  \\$z9784560058343
=035  \\$a(OCoLC)929031261
=040  \\$aCNEAL$beng$cYUS$dOCLCO$dYUS$dOCLCO$dOCLCF$dOCL$dUk$erda$epn
=041  1\$ajpn$hfre
=050  \4$aDA225$b.L45165 2000
=100  1\$aLegohérel, Henri,$eauthor.
=240  10$aPlantagen̊ts.$lJapanese
=245  10$6880-01$aPurantajinetto-ke no hitobito /$cAnri Rugoereru cho ; Fukumoto Hideko yaku.
=264  \1$6880-02$aTokyo :$bHakusuisha,$c2000.
=300  \\$a1 online resource.
=336  \\$atext$btxt$2rdacontent
=337  \\$acomputer$bc$2rdamedia
=338  \\$aonline resource$bcr$2rdacarrier
=490  1\$6880-03$aBunko kuseju ;$v834
=500  \\$aTranslation of: Les Plantagen̊ts.
=588  \\$aDescription based on print version.
=600  30$aPlantagenet, House of.
=600  37$aPlantagenet, House of.$2fast$0(OCoLC)fst00218202
=648  \7$a1154-1399$2fast
=651  \0$aGreat Britain$xHistory$yPlantagenets, 1154-1399.
=651  \7$aGreat Britain.$2fast$0(OCoLC)fst01204623
=655  \7$aHistory.$2fast$0(OCoLC)fst01411628
=700  1\$6880-04$aFukumoto, Hideko.
=773  0\$tJapanKnowledge
=776  08$iPrint version:$tPurantajinetto-ke no hitobito
=830  \0$6880-05$aBunko kuseju$v834.
=856  40$3JapanKnowledge$uhttp://japanknowledge.com/lib/display/?lid=8021008340000$yJapanKnowledge Lib
=880  10$6245-01/{dollar}1$aプランタジネット家の人びと /$cアンリ・ルゴエレル著 ; 福本秀子訳.
=880  \1$6264-02/{dollar}1$a東京 :$b白水社,$c2000.
=880  1\$6490-03/{dollar}1$a文庫クセジュ ;$v834
=880  1\$6700-04/{dollar}1$a福本秀子
=880  \0$6830-05/{dollar}1$a文庫クセジュ ;$v834.
=859  \\$aORR$bJapanKnowledge
=CAT  \\$aW1704-1242$b00$c20170509$lBLL01$h0927
=CAT  \\$aBATCH-UPD$b00$c20170509$lBLL01$h0934
=CAT  \\$aW2003-0365$c20200305$lBLL01$h1101
=FIN  \\$aY$d20170509
=SID  \\$aZ30$bOCLC
=SRC  \\$aJapanKnowledge_2017$bJK_OCLC20170203.mrc
=LAS  \\$aW2003-0365$b00$c20200305$lBLL01$h1101

