=LDR  02260 am a22005774i 4500
=001  018338163
=003  Uk
=005  20170106043026.0
=006  m\\\\\o\\d\\\\\\\\
=007  cr\|||||||||||
=008  151113s2008\\\\ja\\\\\\o\\\\\000\0\jpn\d
=FMT  \\$a  BK
=020  \\$z4560509255
=020  \\$z9784560509258
=035  \\$a(OCoLC)929031395
=040  \\$aCNEAL$beng$cYUS$dOCLCO$dYUS$dOCLCO$dOCLCF$dOCL$dUk$erda$epn
=050  \4$aD802.F8$bM87165 2008
=100  1\$aMuracciole, Jean-François,$eauthor.
=240  10$aHistoire de la řsistance en France.$lJapanese
=245  10$6880-01$aFuransu rejisutansushi /$cJ.F. Myurashoru cho ; Fukumoto Naoyuki yaku.
=264  \1$6880-02$aTōkyō :$bHakusuisha,$c2008.
=300  \\$a1 online resource.
=336  \\$atext$btxt$2rdacontent
=337  \\$acomputer$bc$2rdamedia
=338  \\$aonline resource$bcr$2rdacarrier
=490  1\$6880-03$aBunko kuseju ;$v925
=500  \\$aTranslation of: Histoire de la řsistance en France.
=588  \\$aDescription based on print version.
=611  27$aWorld War (1939-1945)$2fast$0(OCoLC)fst01180924
=648  \7$a1939-1945$2fast
=650  \0$aWorld War, 1939-1945$xUnderground movements$zFrance.
=650  \7$aUnderground movements, War.$2fast$0(OCoLC)fst01355184
=651  \7$aFrance.$2fast$0(OCoLC)fst01204289
=700  1\$6880-04$aFukumoto, Naoyuki.
=773  0\$tJapanKnowledge
=776  08$iPrint version:$tFuransu rejisutansushi
=830  \0$6880-05$aBunko kuseju$v925.
=856  40$3JapanKnowledge$uhttp://japanknowledge.com/lib/display/?lid=8021009250000$yJapanKnowledge Lib
=880  10$6245-01/{dollar}1$aフランス・レジスタンス史 /$cJ=F.ミュラシオル著 ; 福本直之訳.
=880  \1$6264-02/{dollar}1$a東京 :$b白水社,$c2008.
=880  1\$6490-03/{dollar}1$a文庫クセジュ ;$v925
=880  1\$6700-04/{dollar}1$a福本直之.
=880  \0$6830-05/{dollar}1$a文庫クセジュ ;$v925.
=859  \\$aORR$bJapanKnowledge
=CAT  \\$aW1704-1242$b00$c20170509$lBLL01$h0927
=CAT  \\$aBATCH-UPD$b00$c20170509$lBLL01$h0934
=CAT  \\$aW2003-0365$c20200305$lBLL01$h1101
=FIN  \\$aY$d20170509
=SID  \\$aZ30$bOCLC
=SRC  \\$aJapanKnowledge_2017$bJK_OCLC20170203.mrc
=LAS  \\$aW2003-0365$b00$c20200305$lBLL01$h1101

