=LDR  02282 am a22005777a 4500
=001  018338164
=003  Uk
=005  20170106043027.0
=006  m\\\\\o\\d\\\\\\\\
=007  cr\un|||||||||
=008  090107s1995\\\\ja\a\\\\ob\\\\000\0\jpn\d
=FMT  \\$a  BK
=035  \\$a(OCoLC)297327394
=040  \\$aOCLCE$beng$cOCLCE$dOCLCQ$dCUS$dOCLCO$dOCLCQ$dYUS$dOCLCO$dYUS$dOCLCO$dOCLCQ$dYUS$dOCLCO$dUk$epn
=043  \\$aa-ja---
=050  \4$aBL2203$b.Y355 1995
=100  1\$6880-01$aYamanaka, Kyōko,$d1850-1928
=245  10$6880-02$aKyōko zuihitsu /$cYamanaka Kyōko cho ; Iijima Yoshiharu kaisetsu.
=250  \\$6880-03$aShohan.
=260  \\$6880-04$aTōkyō :$bHeibonsha,$c1995.
=300  \\$a1 online resource (363 pages) :$billustrations.
=336  \\$atext$btxt$2rdacontent
=337  \\$acomputer$bc$2rdamedia
=338  \\$aonline resource$bcr$2rdacarrier
=490  1\$6880-05$aTōyō bunko ;$v588
=504  \\$aIncludes bibliographical references (pages 361-362).
=588  0\$aPrint version record.
=650  \0$aFolklore$zJapan.
=651  \0$aJapan$xReligious life and customs.
=651  \0$aJapan$xSocial life and customs.
=700  1\$6880-06$aIijima, Yoshiharu.
=773  0\$tJapanKnowledge
=776  08$iPrint version:$aYamanaka, Kyōko, 1850-1928.$tKyōko zuihitsu.$bShohan.$dTōkyō : Heibonsha, 1995$z4582805884$z9784582805888
=830  \0$6880-07$aTōyō bunko$v588.
=856  40$3JapanKnowledge$uhttp://japanknowledge.com/lib/display/?lid=80010V0588P0002$yJapanKnowledge Lib
=880  1\$6100-01/{dollar}1$a山中共古,$d1850-1928.
=880  10$6245-02/{dollar}1$a共古随筆 /$c山中共古著 ; 飯島吉晴解說.
=880  \\$6250-03/{dollar}1$a初版.
=880  \\$6260-04/{dollar}1$a東京 :$b平凡社,$c1995.
=880  1\$6490-05/{dollar}1$a東洋文庫 ;$v588
=880  1\$6700-06/{dollar}1$a飯島吉晴.
=880  \0$6830-07/{dollar}1$a東洋文庫 ;$v588.
=859  \\$aORR$bJapanKnowledge
=CAT  \\$aW1704-1242$b00$c20170509$lBLL01$h0927
=CAT  \\$aBATCH-UPD$b00$c20170509$lBLL01$h0934
=CAT  \\$aBATCH-UPD$b00$c20170509$lBLL01$h0939
=CAT  \\$aW2003-0365$c20200305$lBLL01$h1101
=FIN  \\$aY$d20170509
=SID  \\$aZ30$bOCLC
=SRC  \\$aJapanKnowledge_2017$bJK_OCLC20170203.mrc
=LAS  \\$aW2003-0365$b00$c20200305$lBLL01$h1101

