=LDR  02356 am a22006134i 4500
=001  018338165
=003  Uk
=005  20181026125650.0
=006  m\\\\\o\\d\\\\\\\\
=007  cr\|||||||||||
=008  151113s1967\\\\ja\\\\\\o\\\\\000\0\jpn\d
=FMT  \\$a  BK
=020  \\$z4560051496
=020  \\$z9784560051498
=035  \\$a(OCoLC)929031200
=040  \\$aCNEAL$beng$cYUS$dOCLCO$dYUS$dOCLCO$dOCLCF$dUk$erda$epn
=041  1\$ajpn$hfre
=050  \4$aBX941$b.D87167 1967
=100  1\$aDuroselle, Jean-Baptiste,$d1917-1994,$eauthor.
=245  10$6880-01$aKatorikku no rekishi :$bkaiyaku /$cJ.B. Duroseru cho ; Ōiwa Makoto, Okada Tokuichi kyōyaku.
=264  \1$6880-02$aTōkyō :$bHakusuisha,$c1967.
=300  \\$a1 online resource.
=336  \\$atext$btxt$2rdacontent
=337  \\$acomputer$bc$2rdamedia
=338  \\$aonline resource$bcr$2rdacarrier
=490  1\$6880-03$aBunko kuseju ;$v149
=588  \\$aDescription based on print version.
=610  20$aCatholic Church$xHistory.
=610  27$aCatholic Church$2fast$0(OCoLC)fst00531720
=655  \7$aHistory.$2fast$0(OCoLC)fst01411628
=700  1\$aŌiwa, Makoto,$d1900-1957.
=700  1\$6880-05$aOkada, Tokuichi,$d1900-
=730  0\$aHistoire du catholicisme.
=773  0\$tJapanKnowledge
=776  08$iPrint version:$tKatorikku no rekishi
=830  \0$6880-06$aBunko kuseju$v149.
=856  40$3JapanKnowledge$uhttp://japanknowledge.com/lib/display/?lid=8021001490000$yJapanKnowledge Lib
=880  10$6245-01/{dollar}1$aカトリックの歴史 :$b改訳 /$cJ.-B.デュロゼル著 ; 大岩誠, 岡田徳一共訳.
=880  \1$6264-02/{dollar}1$a東京 :$b白水社,$c1967.
=880  1\$6490-03/{dollar}1$a文庫クセジュ ;$v149
=880  1\$6700-04/{dollar}1$a大岩誠,$d1900-1957.
=880  1\$6700-05/{dollar}1$a岡田徳一,$d1900-
=880  \0$6830-06/{dollar}1$a文庫クセジュ ;$v149.
=859  \\$aORR$bJapanKnowledge
=CAT  \\$aW1704-1242$b00$c20170509$lBLL01$h0927
=CAT  \\$aBATCH-UPD$b00$c20170509$lBLL01$h0934
=CAT  \\$aBATCH-UPD$b00$c20170509$lBLL01$h0939
=CAT  \\$a10804$b40$c20181026$lBLL01$h1256
=CAT  \\$aBATCH-UPD$b40$c20181026$lBLL01$h1257
=CAT  \\$aW2003-0365$c20200305$lBLL01$h1101
=FIN  \\$aY$d20170509
=SID  \\$aZ30$bOCLC
=SRC  \\$aJapanKnowledge_2017$bJK_OCLC20170203.mrc
=LAS  \\$aW2003-0365$b00$c20200305$lBLL01$h1101

