=LDR  02392 am a22006014i 4500
=001  018338166
=003  Uk
=005  20170106043027.0
=006  m\\\\\o\\d\\\\\\\\
=007  cr\|||||||||||
=008  151112s1964\\\\ja\\\\\\ob\\\\000\0\jpn\d
=FMT  \\$a  BK
=020  \\$z4560053685
=020  \\$z9784560053683
=035  \\$a(OCoLC)928950243
=040  \\$aYUS$beng$cYUS$dOCLCO$dYUS$dOCLCO$dOCLCA$dOCL$dUk$erda$epn
=041  1\$ajpn$hfre
=050  \4$aBR165$b.S566163 1964
=100  1\$aSimon, Marcel,$d1907-1986,$eauthor.
=240  10$aPremiers chrétiens.$lJapanese
=245  10$6880-01$aGenshi kirisutokyō /$cMaruseru · Shimon cho ; Kume Hiroshi yaku.
=264  \1$6880-02$aTōkyō :$bHakusuisha,$c1964.
=300  \\$a1 online resource.
=336  \\$atext$btxt$2rdacontent
=337  \\$acomputer$bc$2rdamedia
=338  \\$aonline resource$bcr$2rdacarrier
=490  1\$6880-03$aBunko kuseju ;$v368
=500  \\$aTranslation of: Les Premiers chrétiens ; Presses Universitaires de France, 1952.
=504  \\$aIncludes bibliographical references (pages i-iii ; French and Japanese).
=588  \\$aDescription based on print version.
=648  \7$a30-600$2fast
=650  \0$aChurch history$yPrimitive and early church, ca. 30-600.
=650  \6$aÉglise$xHistoire$yca 30-600 (Église primitive)
=650  \7$aChurch history$xPrimitive and early church.$2fast$0(OCoLC)fst01710945
=700  1\$6880-04$aKume, Hiroshi,$d1932-
=773  0\$tJapanKnowledge
=776  08$iPrint version:$tGenshi kirisutokyō
=830  \0$6880-05$aBunko kuseju$v368.
=856  40$3JapanKnowledge$uhttp://japanknowledge.com/lib/display/?lid=8021003680000$yJapanKnowledge Lib
=880  10$6245-01/{dollar}1$a原始キリスト敎 /$cマルセル · シモン著 ; 久米博訳.
=880  \1$6264-02/{dollar}1$a東京 :$b白水社,$c1964.
=880  1\$6490-03/{dollar}1$a文庫クセジュ ;$v368
=880  1\$6700-04/{dollar}1$a久米博,$d1932-
=880  \0$6830-05/{dollar}1$a文庫クセジュ ;$v368.
=859  \\$aORR$bJapanKnowledge
=CAT  \\$aW1704-1242$b00$c20170509$lBLL01$h0927
=CAT  \\$aBATCH-UPD$b00$c20170509$lBLL01$h0934
=CAT  \\$aBATCH-UPD$b00$c20170509$lBLL01$h0939
=CAT  \\$aW2003-0365$c20200305$lBLL01$h1101
=FIN  \\$aY$d20170509
=SID  \\$aZ30$bOCLC
=SRC  \\$aJapanKnowledge_2017$bJK_OCLC20170203.mrc
=LAS  \\$aW2003-0365$b00$c20200305$lBLL01$h1101

