=LDR  02643 am a22006614i 4500
=001  018338167
=003  Uk
=005  20170106043028.0
=006  m\\\\\o\\d\\\\\\\\
=007  cr\|||||||||||
=008  151112s1994\\\\ja\ab\\\ob\\\\001\0\jpn\d
=FMT  \\$a  BK
=020  \\$z4096580481
=020  \\$z9784096580486
=035  \\$a(OCoLC)928950195
=040  \\$aYUS$beng$cYUS$dOCLCO$dYUS$dOCLCO$dYUS$dOCLCO$dUk$erda$epn
=043  \\$aa-ja---
=050  \4$aPL771.3$b.C48 1994
=245  00$6880-01$aChūsei nikki kikōshū :$bkaidōki, Tōkan kikō, Ben no Naishi nikki, izayoi nikki hoka /$ckōchū, yaku Nagasaki Ken [and others].
=264  \1$6880-03$aTōkyō :$bShōgakkan,$c1994.
=300  \\$a1 online resource.
=336  \\$atext$btxt$2rdacontent
=337  \\$acomputer$bc$2rdamedia
=338  \\$aonline resource$bcr$2rdacarrier
=490  1\$6880-04$aShinpen Nihon koten bungaku zenshū ;$v48
=504  \\$aIncludes bibliographical references and indexes.
=588  \\$aDescription based on print version.
=650  \0$aJapanese diaries$y1185-1600$xTravel$zJapan.
=651  \0$aJapan$xDescription and travel$vEarly works to 1800.
=651  \0$aJapan$xDescription and travel.
=700  1\$6880-05$aNagasaki, Ken,$d1937-
=730  02$6880-06$aKaidōki
=730  02$6880-07$aTōkan kikō
=730  02$6880-08$aBen no Naishi nikki.
=730  02$6880-09$aIzayoi nikki.
=773  0\$tJapanKnowledge
=776  08$iPrint version:$tChūsei nikki kikōshū
=830  \0$6880-10$aShinpen Nihon koten bungaku zenshū$v48.
=856  40$3JapanKnowledge$uhttp://japanknowledge.com/lib/display/?lid=80110V00480001$yJapanKnowledge Lib
=880  00$6245-01$a中世日記紀行集 :$b海道記, 東関紀行, 弁內侍日記, 十六夜日記ほか /$c校注・訳長崎健 [and others].
=880  \1$6264-03$a東京 :$b小学館,$c1994.
=880  1\$6490-04$a新編日本古典文学全集 ;$v48
=880  1\$6700-05$a長崎健,$d1937-
=880  02$6730-06$a海道記.
=880  02$6730-07$a東関紀行.
=880  02$6730-08$a弁內侍日記.
=880  02$6730-09$a十六夜日記.
=880  \0$6830-10$a新編日本古典文学全集 ;$v48.
=859  \\$aORR$bJapanKnowledge
=CAT  \\$aW1704-1242$b00$c20170509$lBLL01$h0927
=CAT  \\$aBATCH-UPD$b00$c20170509$lBLL01$h0934
=CAT  \\$aBATCH-UPD$b00$c20170509$lBLL01$h0939
=CAT  \\$aW2003-0365$c20200305$lBLL01$h1101
=CAT  \\$aBATCH-UPD$b00$c20200918$lBLL01$h2045
=FIN  \\$aY$d20170509
=SID  \\$aZ30$bOCLC
=SRC  \\$aJapanKnowledge_2017$bJK_OCLC20170203.mrc
=LAS  \\$aBATCH-UPD$b00$c20200918$lBLL01$h2045

