=LDR  02150 am a22005774i 4500
=001  018338169
=003  Uk
=005  20170106043028.0
=006  m\\\\\o\\d\\\\\\\\
=007  cr\|||||||||||
=008  151113s1996\\\\ja\\\\\go\\\\\000\0\jpn\d
=FMT  \\$a  BK
=020  \\$z4560057818
=020  \\$z9784560057810
=035  \\$a(OCoLC)929030807
=040  \\$aYUS$beng$cYUS$dYUS$dOCLCO$dYUS$dOCLCO$dOCLCF$dOCLCO$dUk$erda$epn
=041  1\$ajpn$hfre
=043  \\$af-ti---
=245  00$6880-01$aKarutago /$cMadorēnu Urusu Miedan cho ; Takada Kunihiko yaku.
=264  \1$6880-02$aTōkyō :$bHakusuisha,$c1996.
=300  \\$a1 online resource.
=336  \\$atext$btxt$2rdacontent
=337  \\$acomputer$bc$2rdamedia
=338  \\$aonline resource$bcr$2rdacarrier
=490  1\$6880-03$aBunko kuseju ;$v781
=588  \\$aDescription based on print version.
=650  \7$aCivilization.$2fast$0(OCoLC)fst00862898
=651  \0$aCarthage (Extinct city)$xHistory.
=651  \0$aCarthage (Extinct city)$xCivilization.
=651  \7$aTunisia$zCarthage (Extinct city)$2fast$0(OCoLC)fst01896920
=655  \7$aHistory.$2fast$0(OCoLC)fst01411628
=700  1\$aHours, Madeleine,$d1913-2005.
=700  1\$6880-04$aTakada, Kunihiko,$d1930-
=740  0\$aCarthage.
=773  0\$tJapanKnowledge
=776  08$iPrint version:$tKarutago.
=830  \0$6880-05$aBunko kuseju$v781.
=856  40$3JapanKnowledge$uhttp://japanknowledge.com/lib/display/?lid=8021007810000$yJapanKnowledge Lib
=880  00$6245-01/{dollar}1$aカルタゴ /$cマドレーヌ・ウルス=ミエダン著 ; 高田邦彦訳.
=880  \1$6264-02/{dollar}1$a東京 :$b白水社,$c1996.
=880  1\$6490-03/{dollar}1$a文庫クセジュ ;$v781
=880  1\$6700-04/{dollar}1$a高田邦彦,$d1930-
=880  \0$6830-05/{dollar}1$a文庫クセジュ ;$v781.
=859  \\$aORR$bJapanKnowledge
=CAT  \\$aW1704-1242$b00$c20170509$lBLL01$h0927
=CAT  \\$aBATCH-UPD$b00$c20170509$lBLL01$h0934
=CAT  \\$aW2003-0365$c20200305$lBLL01$h1101
=FIN  \\$aY$d20170509
=SID  \\$aZ30$bOCLC
=SRC  \\$aJapanKnowledge_2017$bJK_OCLC20170203.mrc
=LAS  \\$aW2003-0365$b00$c20200305$lBLL01$h1101

