=LDR  02519 am a22006257a 4500
=001  018338170
=003  Uk
=005  20170106043029.0
=006  m\\\\\o\\d\\\\\\\\
=007  cr\un|||||||||
=008  090201r19921940ja\ab\\\ob\\\\000\0\jpn\d
=FMT  \\$a  BK
=035  \\$a(OCoLC)301034259
=040  \\$aOCLCE$beng$cOCLCE$dOCLCQ$dCUS$dOCLCQ$dOCLCF$dOCLCO$dYUS$dOCLCO$dYUS$dOCLCO$dOCLCQ$dYUS$dOCLCO$dUk$epn
=043  \\$aac-----
=050  \4$aDS328.2$b.H36 1992
=100  1\$6880-01$aHaneda, Tōru,$d1882-1955
=245  10$6880-02$aSeiiki bunmeishi gairon ;$bSeiiki bunkashi /$cHaneda Tōru.
=246  3\$aSaiiki bunkashi
=246  3\$aSaiiki bunmeishi gairon
=246  3\$aSeiiki bunmeishi gairon ; Seiiki bunkashi
=250  \\$6880-03$aShohan.
=260  \\$6880-04$aTōkyō :$bHeibonsha,$c1992.
=300  \\$a1 online resource (345 pages) :$billustrations, map.
=336  \\$atext$btxt$2rdacontent
=337  \\$acomputer$bc$2rdamedia
=338  \\$aonline resource$bcr$2rdacarrier
=490  1\$6880-05$aTōyō bunko ;$v545
=504  \\$aIncludes bibliographical references.
=588  0\$aPrint version record.
=650  \7$aCivilization.$2fast$0(OCoLC)fst00862898
=651  \0$aAsia, Central$xCivilization.
=651  \7$aAsia, Central.$2fast$0(OCoLC)fst01240497
=700  12$6880-06.$aHaneda, Tōru,$d1882-1955$tSeiiki bunkashi.
=740  02$6880-07$aSeiiki bunkashi.
=773  0\$tJapanKnowledge
=776  08$iPrint version:$aHaneda, Tōru, 1882-1955.$tSeiiki bunmeishi gairon ; Seiiki bunkashi.$dTōkyō : Heibonsha, 1992$z4582805450$z9784582805451
=830  \0$6880-08$aTōyō bunko$v545.
=856  40$3JapanKnowledge$uhttp://japanknowledge.com/lib/display/?lid=80010V0545P0002$yJapanKnowledge Lib
=880  1\$6100-01/{dollar}1$a羽田亨,$d1882-1955.
=880  10$6245-02/{dollar}1$a西域文明史槪論 ;$b西域文化史 /$c羽田亨.
=880  \\$6250-03/{dollar}1$a初版.
=880  \\$6260-04/{dollar}1$a東京 :$b平凡社,$c1992.
=880  1\$6490-05/{dollar}1$a東洋文庫 ;$v545
=880  12$6700-06/{dollar}1$a羽田亨,$d1882-1955.$t西域文化史.
=880  02$6740-07/{dollar}1$a西域文化史.
=880  \0$6830-08/{dollar}1$a東洋文庫 ;$v545.
=859  \\$aORR$bJapanKnowledge
=CAT  \\$aW1704-1242$b00$c20170509$lBLL01$h0927
=CAT  \\$aBATCH-UPD$b00$c20170509$lBLL01$h0934
=CAT  \\$aW2003-0365$c20200305$lBLL01$h1101
=FIN  \\$aY$d20170509
=SID  \\$aZ30$bOCLC
=SRC  \\$aJapanKnowledge_2017$bJK_OCLC20170203.mrc
=LAS  \\$aW2003-0365$b00$c20200305$lBLL01$h1101

