=LDR  02254 am a2200553 a 4500
=001  018338171
=003  Uk
=005  20170106043029.0
=006  m\\\\\o\\d\\\\\\\\
=007  cr\un|||||||||
=008  120131s1964\\\\ja\\\\\\ob\\\\000\0\jpn\d
=FMT  \\$a  BK
=035  \\$a(OCoLC)774589849
=040  \\$aCUS$beng$cCUS$dCUS$dOCLCQ$dOCLCA$dOCLCF$dYUS$dOCLCO$dOCLCQ$dYUS$dOCLCO$dOCLCQ$dYUS$dOCLCO$dUk
=050  \4$aPN6222.C5$bC5 1964
=245  00$6880-01$aChūgoku shōwa sen :$bEdo kobanashi to no majiwari /$cMatsueda Shigeo, Mutō Sadao [hen] yaku.
=250  \\$6880-02$aShohan.
=260  \\$6880-03$aTōkyō :$bHeibonsha,$c1964$g(1982 printing)
=300  \\$a1 online resource (16, 360 pages) :$bfacsimile.
=336  \\$atext$btxt$2rdacontent
=337  \\$acomputer$bc$2rdamedia
=338  \\$aonline resource$bcr$2rdacarrier
=490  1\$6880-04$aTōyō bunko ;$v24
=504  \\$aIncludes bibliographical references.
=588  0\$aPrint version record.
=650  \0$aChinese wit and humor.
=650  \7$aChinese wit and humor.$2fast$0(OCoLC)fst00857743
=700  1\$6880-05$aMatsueda, Shigeo,$d1905-1995
=700  1\$6880-06$aMutō, Sadao,$d1926-
=773  0\$tJapanKnowledge
=776  08$iPrint version:$tChūgoku shōwa sen.$bShohan.$dTōkyō : Heibonsha, 1964
=830  \0$6880-07$aTōyō bunko$v24.
=856  40$3JapanKnowledge$uhttp://japanknowledge.com/lib/display/?lid=80010V0024P0002$yJapanKnowledge Lib
=880  00$6245-01/{dollar}1$a中国笑話選 :$b江戶小咄との 交わり /$c松枝茂夫, 武藤禎夫[編]訳.
=880  \\$6250-02/{dollar}1$a初版.
=880  \\$6260-03/{dollar}1$a東京 :$b平凡社,$c1964$g(1982 printing)
=880  1\$6490-04/{dollar}1$a東洋文庫 ;$v24
=880  1\$6700-05/{dollar}1$a松枝茂夫,$d1905-
=880  1\$6700-06/{dollar}1$a武藤禎夫,$d1926-
=880  \0$6830-07/{dollar}1$a東洋文庫 ;$v24.
=859  \\$aORR$bJapanKnowledge
=CAT  \\$aW1704-1242$b00$c20170509$lBLL01$h0927
=CAT  \\$aBATCH-UPD$b00$c20170509$lBLL01$h0934
=CAT  \\$aBATCH-UPD$b00$c20170509$lBLL01$h0939
=CAT  \\$aW2003-0365$c20200305$lBLL01$h1101
=FIN  \\$aY$d20170509
=SID  \\$aZ30$bOCLC
=SRC  \\$aJapanKnowledge_2017$bJK_OCLC20170203.mrc
=LAS  \\$aW2003-0365$b00$c20200305$lBLL01$h1101

