=LDR  02713 am a2200685 a 4500
=001  018338172
=003  Uk
=005  20170106043029.0
=006  m\\\\\o\\d\\\\\\\\
=007  cr\un|||||||||
=008  120209s1988\\\\ja\\\\\\o\\\\\000\0\jpn\d
=FMT  \\$a  BK
=020  \\$z4582804888
=020  \\$z9784582804881
=035  \\$a(OCoLC)775699297
=040  \\$aCUS$beng$cCUS$dOCLCQ$dOCLCF$dOCL$dYUS$dOCLCQ$dOCLCO$dYUS$dOCLCO$dOCL$dOCLCQ$dYUS$dOCLCO$dUk
=041  1\$ajpn$hchi
=043  \\$aa-cc---
=050  \4$aDS748.P38$bN35 1988
=100  1\$6880-01$aBan, Gu,$d32-92
=240  10$6880-02$aHan shu.$kSelections.$lJapanese
=245  10$6880-03$aKanjo shokuka, chiri, kōkyokushi /$cHan Go ; Nagata Hidemasa, Umehara Kaoru yakuchū.
=250  \\$6880-04$aShohan.
=260  \\$6880-05$aTōkyō :$bHeibonsha,$c1988.
=300  \\$a1 online resource (iii, 344, 16 pages).
=336  \\$atext$btxt$2rdacontent
=337  \\$acomputer$bc$2rdamedia
=338  \\$aonline resource$bcr$2rdacarrier
=490  1\$6880-06$aTōyō bunko ;$v488
=500  \\$6880-07$aTranslation from: Han shu.
=588  0\$aPrint version record.
=648  \7$a202 B.C.-220 A.D$2fast
=650  \7$aHan Dynasty (China).$2fast$0(OCoLC)fst01696746
=651  \0$aChina$xHistory$yHan dynasty, 202 B.C.-220 A.D.
=651  \7$aChina.$2fast$0(OCoLC)fst01206073
=655  \7$aHistory.$2fast$0(OCoLC)fst01411628
=700  1\$6880-08$aNagata, Hidemasa.
=700  1\$6880-09$aUmehara, Kaoru,$d1934-
=773  0\$tJapanKnowledge
=776  08$iPrint version:$aBan, Gu, 32-92.$sHan shu. Japanese. Selections.$tKanjo shokuka, chiri, kōkyokushi.$bShohan.$dTōkyō : Heibonsha, 1988$z4582804888
=830  \0$6880-10$aTōyō bunko$v488.
=856  40$3JapanKnowledge$uhttp://japanknowledge.com/lib/display/?lid=80010V0488P0002$yJapanKnowledge Lib
=880  1\$6100-01/{dollar}1$a班固,$d32-92.
=880  10$6240-02/{dollar}1$a漢書.$kSelections.$lJapanese
=880  10$6245-03/{dollar}1$a漢書食貨・地理・溝洫志 /$c班固 ; 永田英正, 梅原郁訳注.
=880  \\$6250-04/{dollar}1$a初版.
=880  \\$6260-05/{dollar}1$a東京 :$b平凡社,$c1988.
=880  1\$6490-06/{dollar}1$a東洋文庫 ;$v488
=880  \\$6500-07/{dollar}1$aTranslation from: 漢書.
=880  1\$6700-08/{dollar}1$a永田英正.
=880  1\$6700-09/{dollar}1$a梅原郁,$d1934-
=880  \0$6830-10/{dollar}1$a東洋文庫 ;$v488.
=859  \\$aORR$bJapanKnowledge
=CAT  \\$aW1704-1242$b00$c20170509$lBLL01$h0927
=CAT  \\$aBATCH-UPD$b00$c20170509$lBLL01$h0934
=CAT  \\$aW2003-0365$c20200305$lBLL01$h1101
=FIN  \\$aY$d20170509
=SID  \\$aZ30$bOCLC
=SRC  \\$aJapanKnowledge_2017$bJK_OCLC20170203.mrc
=LAS  \\$aW2003-0365$b00$c20200305$lBLL01$h1101

