=LDR  02960 am a22007457a 4500
=001  018338173
=003  Uk
=005  20170106043030.0
=006  m\\\\\o\\d\\\\\\\\
=007  cr\|||||||||||
=008  100626s1964\\\\ja\ab\\\o\\\\\000\0\jpn\d
=FMT  \\$a  BK
=019  \\$a300609001
=020  \\$z4582800297
=020  \\$z9784582800296
=035  \\$a(OCoLC)644268333$z(OCoLC)300609001
=040  \\$aOCLCE$beng$cOCLCE$dOCLCQ$dCUS$dYUS$dOCLCO$dYUS$dOCLCO$dOCLCQ$dOCLCF$dYUS$dOCLCO$dUk$epn
=041  1\$ajpn$hchi
=042  \\$adlr
=043  \\$aa-cc---
=050  \4$aPN2877$b.Y77 1987
=084  \\$a921.43$2njb
=084  \\$aKK113$2kktb
=100  1\$6880-01$aYu, Huai,$d1616-1696
=240  10$6880-02$aBanqiao za ji.$lJapanese
=245  10$6880-03$aHankyō zakki /$cYo Kai [cho] ; Iwaki Hideo yaku. Soshū gabōroku / Seikei Sanjin [cho] ; Iwaki Hideo yaku.
=250  \\$6880-04$aShohan.
=260  \\$6880-05$aTōkyō :$bHeibonsha,$c1964$g(1981 printing)
=300  \\$a1 online resource (5, 243 pages) :$billustrations, maps.
=336  \\$atext$btxt$2rdacontent
=337  \\$acomputer$bc$2rdamedia
=338  \\$aonline resource$bcr$2rdacarrier
=490  1\$6880-06$aTōyō bunko ;$v29
=588  0\$aPrint version record.
=650  \0$aWomen entertainers$zChina$vAnecdotes.
=650  \7$aWomen entertainers.$2fast$0(OCoLC)fst01177638
=651  \7$aChina.$2fast$0(OCoLC)fst01206073
=653  \\$6880-07$aShōgi$aChūgoku.
=655  \0$aKanshi$xhyôshaku.
=655  \7$aAnecdotes.$2fast$0(OCoLC)fst01423876
=700  02$6880-08.$aXixishanren.$tSuzhou hua fang lu.$lJapanese.
=740  0\$6880-09$aSoshū gabōroku.
=773  0\$tJapanKnowledge
=776  08$iPrint version:$aYu, Huai, 1616-1696.$sBanqiao za ji. Japanese.$tHankyō zakki.$bShohan.$dTōkyō : Heibonsha, 1964
=830  \0$6880-10$aTōyō bunko$v29.
=856  40$3JapanKnowledge$uhttp://japanknowledge.com/lib/display/?lid=80010V0029P0002$yJapanKnowledge Lib
=880  1\$6100-01/{dollar}1$a余懐,$d1616-1696.
=880  10$6240-02/{dollar}1$a板橋雑記.$lJapanese
=880  10$6245-03/{dollar}1$a板橋雑記 /$c余懐[著] ; 岩城秀夫訳. 蘇州画舫錄 / 西渓山人[著] ; 岩城秀夫訳.
=880  \\$6250-04/{dollar}1$a初版.
=880  \\$6260-05/{dollar}1$a東京 :$b平凡社,$c1964$g(1981 printing)
=880  1\$6490-06/{dollar}1$a東洋文庫 ;$v29
=880  \\$6653-07/{dollar}1$a娼妓$a中国.
=880  02$6700-08/{dollar}1$a西渓山人.$t蘇州画舫錄.$lJapanese.
=880  0\$6740-09/{dollar}1$a蘇州画舫錄.
=880  \0$6830-10/{dollar}1$a東洋文庫 ;$v29.
=859  \\$aORR$bJapanKnowledge
=CAT  \\$aW1704-1242$b00$c20170509$lBLL01$h0927
=CAT  \\$aBATCH-UPD$b00$c20170509$lBLL01$h0934
=CAT  \\$aBATCH-UPD$b00$c20170509$lBLL01$h0939
=CAT  \\$aW2003-0365$c20200305$lBLL01$h1101
=FIN  \\$aY$d20170509
=SID  \\$aZ30$bOCLC
=SRC  \\$aJapanKnowledge_2017$bJK_OCLC20170203.mrc
=LAS  \\$aW2003-0365$b00$c20200305$lBLL01$h1101

