=LDR  03092 am a22007337a 4500
=001  018338174
=003  Uk
=005  20170106043030.0
=006  m\\\\\o\\d\\\\\\\\
=007  cr\un|||||||||
=008  120329m19992000ja\a\\\\ob\\\\000\0\jpn\d
=FMT  \\$a  BK
=020  \\$z4582806635
=020  \\$z9784582806632
=035  \\$a(OCoLC)781976593
=040  \\$aCUS$beng$cCUS$dOCLCQ$dOCLCF$dYUS$dOCLCQ$dOCLCO$dYUS$dOCL$dYUS$dOCLCO$dUk
=041  0\$ajpn$hchi
=043  \\$aa-cc---
=050  \4$aDS750.72$bW463 1999
=100  1\$6880-01$aWen, Zhenheng,$d1585-1645
=240  10$6880-02$aZhang wu shi.$lJapanese
=245  10$6880-03$aChōbutsu shi :$bMindai bunjin no seikatsu to iken /$cBun Shinkō ; Arai Ken hoka yakuchū.
=250  \\$6880-04$aShohan.
=260  \\$6880-05$aTōkyō :$bHeibonsha,$c1999-2000.
=300  \\$a1 online resource (3 volumes) :$billustrations.
=336  \\$atext$btxt$2rdacontent
=337  \\$acomputer$bc$2rdamedia
=338  \\$aonline resource$bcr$2rdacarrier
=490  1\$6880-06$aTōyō bunko ;$v663, 665, 668
=500  \\$aTranslation of: Zhang wu shi.
=504  \\$aIncludes bibliographical references.
=588  0\$aPrint version record.
=648  \7$a960-1644$2fast
=650  \0$aGardening$zChina.
=650  \0$aGardens, Chinese.
=650  \7$aGardening.$2fast$0(OCoLC)fst00937852
=650  \7$aGardens, Chinese.$2fast$0(OCoLC)fst00937946
=650  \7$aManners and customs.$2fast$0(OCoLC)fst01007815
=651  \0$aChina$xSocial life and customs$y960-1644.
=651  \7$aChina.$2fast$0(OCoLC)fst01206073
=700  1\$6880-07$aArai, Ken,$d1929-
=773  0\$tJapanKnowledge
=776  08$iPrint version:$aWen, Zhenheng, 1585-1645.$sZhang wu shi. Japanese.$tChōbutsu shi.$bShohan.$dTōkyō : Heibonsha, 1999-$z4582806635
=830  \0$6880-08$aTōyō bunko$v663, 665, 668.
=856  40$3JapanKnowledge Volume 3$uhttp://japanknowledge.com/lib/display/?lid=80010V0668P0002$yJapanKnowledge Lib
=856  40$3JapanKnowledge Volume 1$uhttp://japanknowledge.com/lib/display/?lid=80010V0663P0002$yJapanKnowledge Lib
=856  40$3JapanKnowledge Volume 2$uhttp://japanknowledge.com/lib/display/?lid=80010V0665P0002$yJapanKnowledge Lib
=880  1\$6100-01/{dollar}1$a文震亨,$d1585-1645.
=880  10$6240-02/{dollar}1$a長物志.$lJapanese
=880  10$6245-03/{dollar}1$a長物志$h[electronic resource] :$b明代文人の生活と意見 /$c文震亨 ; 荒井健他訳注.
=880  \\$6250-04/{dollar}1$a初版.
=880  \\$6260-05/{dollar}1$a東京 :$b平凡社,$c1999-2000.
=880  1\$6490-06/{dollar}1$a東洋文庫 ;$v663, 665, 668
=880  1\$6700-07/{dollar}1$a荒井健,$d1929-
=880  \0$6830-08/{dollar}1$a東洋文庫 ;$v663, 665, 668.
=859  \\$aORR$bJapanKnowledge
=CAT  \\$aW1704-1242$b00$c20170509$lBLL01$h0927
=CAT  \\$aBATCH-UPD$b00$c20170509$lBLL01$h0934
=CAT  \\$aBATCH-UPD$b00$c20170509$lBLL01$h0939
=CAT  \\$aW2003-0365$c20200305$lBLL01$h1101
=FIN  \\$aY$d20170509
=SID  \\$aZ30$bOCLC
=SRC  \\$aJapanKnowledge_2017$bJK_OCLC20170203.mrc
=LAS  \\$aW2003-0365$b00$c20200305$lBLL01$h1101

