=LDR  02250 am a22005774i 4500
=001  018338175
=003  Uk
=005  20170106043030.0
=006  m\\\\\o\\d\\\\\\\\
=007  cr\|||||||||||
=008  151112m19992001ja\ab\\\ob\\\\000\1\jpn\d
=FMT  \\$a  BK
=020  \\$z409658083X
=020  \\$z9784096580837
=035  \\$a(OCoLC)928950464
=040  \\$aYUS$beng$cYUS$dOCLCO$dYUS$dOCLCO$dYUS$dOCLCO$dUk$erda$epn
=050  \4$aPL798.4$b.K5 1999
=100  1\$6880-01,$aTakizawa, Bakin,$d1767-1848$eauthor.
=245  10$6880-02$aKinsesetsu bishōnenroku /$ckōchū, yaku Tokuda Takeshi.
=264  \1$6880-04$aTōkyō :$bShōgakkan,$c1999-2001.
=300  \\$a1 online resource.
=336  \\$atext$btxt$2rdacontent
=337  \\$acomputer$bc$2rdamedia
=338  \\$aonline resource$bcr$2rdacarrier
=490  1\$6880-05$aShinpen Nihon koten bungaku zenshū ;$v83-85
=500  \\$6880-06$aTsuketari: geppō.
=500  \\$aFiction.
=504  \\$aIncludes bibliographical references (pages 518-523, v. 1).
=588  \\$aDescription based on print version.
=600  10$aTakizawa, Bakin,$d1767-1848.$tKinsesetsu bishōnenroku.
=700  1\$6880-07$aTokuda, Takeshi,$d1944-
=773  0\$tJapanKnowledge
=776  08$iPrint version:$tKinsesetsu bishōnenroku
=830  \0$6880-08$aShinpen Nihon koten bungaku zenshū$v83-85.
=856  40$3JapanKnowledge$uhttp://japanknowledge.com/lib/display/?lid=80110V00830013$yJapanKnowledge Lib
=880  1\$6100-01$a瀧澤馬琴,$d1767-1848,$eauthor
=880  10$6245-02$a近世說美少年錄 /$c校注・訳德田武.
=880  \1$6264-04$a東京 :$b小学館,$c1999-2001.
=880  1\$6490-05$a新編日本古典文学全集 ;$v83-85
=880  \\$6500-06$a付: 月報.
=880  1\$6700-07$a德田武,$d1944-
=880  \0$6830-08$a新編日本古典文学全集 ;$v83-85.
=859  \\$aORR$bJapanKnowledge
=CAT  \\$aW1704-1242$b00$c20170509$lBLL01$h0927
=CAT  \\$aBATCH-UPD$b00$c20170509$lBLL01$h0934
=CAT  \\$aW2003-0365$c20200305$lBLL01$h1101
=CAT  \\$aBATCH-UPD$b00$c20200918$lBLL01$h2045
=FIN  \\$aY$d20170509
=SID  \\$aZ30$bOCLC
=SRC  \\$aJapanKnowledge_2017$bJK_OCLC20170203.mrc
=LAS  \\$aBATCH-UPD$b00$c20200918$lBLL01$h2045

