=LDR  03332 am a22007337a 4500
=001  018338176
=003  Uk
=005  20170106043031.0
=006  m\\\\\o\\d\\\\\\\\
=008  111025s1994\\\\ja\ab\\\ob\\\\001\1\jpn\d
=FMT  \\$a  BK
=019  \\$a928949903
=020  \\$z4096580120
=020  \\$z9784096580127
=035  \\$a(OCoLC)758517590$z(OCoLC)928949903
=040  \\$aOCLCE$beng$cOCLCE$dOCLCQ$dOCLCO$dOCLCQ$dOCLCF$dYUS$dOCL$dOCLCQ$dYUS$dOCLCO$dUk$epn
=043  \\$aa-ja---
=050  \4$aPL787$b.T3 1994
=245  00$6880-01$aTaketori monogatari :$bIse monogatari. Yamato monogatari. Heichū monogatari /$ckōchū yaku Katagiri Yōichi [and others].
=246  3\$6880-02$aTaketori monogatari. Ise monogatari. yamato monogatari. Heichū monogatari
=250  \\$6880-03$aDai 1-han.
=260  \\$6880-04$aTōkyō :$bShōgakkan,$c1994.
=300  \\$a1 online resource (590 pages) :$billustrations, map.
=336  \\$atext$btxt$2rdacontent
=337  \\$acomputer$bc$2rdamedia
=338  \\$aonline resource$bcr$2rdacarrier
=490  1\$6880-05$aShinpen Nihon koten bungaku zenshū ;$v12
=504  \\$aIncludes bibliographical references (pages 551-553) and index.
=588  0\$aPrint version record.
=648  \7$a794-1185$2fast
=650  \0$aJapanese fiction$yHeian period, 794-1185.
=650  \7$aJapanese fiction$xHeian period.$2fast$0(OCoLC)fst01711078
=700  1\$6880-06$aKatagiri, Yōichi,$d1931-
=730  02$6880-07$aIse monogatari
=730  02$6880-08$aYamato monogatari
=730  02$6880-09$aHeichō monogatari
=773  0\$tJapanKnowledge
=776  08$iPrint version:$tTaketori monogatari.$bDai 1-han.$dTōkyō : Shōgakkan, 1994
=830  \0$6880-10$aShinpen Nihon koten bungaku zenshū$v12.
=856  40$3JapanKnowledge Volume 1$uhttp://japanknowledge.com/lib/display/?lid=80110V00120011$yJapanKnowledge Lib
=856  40$3JapanKnowledge Volume 2$uhttp://japanknowledge.com/lib/display/?lid=80110V00120107$yJapanKnowledge Lib
=856  40$3JapanKnowledge Volume 3$uhttp://japanknowledge.com/lib/display/?lid=80110V00120247$yJapanKnowledge Lib
=856  40$3JapanKnowledge Volume 4$uhttp://japanknowledge.com/lib/display/?lid=80110V00120445$yJapanKnowledge Lib
=880  00$6245-01/{dollar}1$a竹取物語.$b伊勢物語. 大和物語. 平中物語 /$c校注・訳 片桐洋一 [and others].
=880  3\$6246-02/{dollar}1$a竹取物語. 伊勢物語. 大和物語. 平中物語
=880  \\$6250-03/{dollar}1$a第1版.
=880  \\$6260-04/{dollar}1$a東京 :$b小学館,$c1994.
=880  \1$6264-00/{dollar}1$a東京 :$b小学館,$c1994.
=880  1\$6490-05/{dollar}1$a新編日本古典文学全集 ;$v12
=880  1\$6700-06/{dollar}1$a片桐洋一,$d1931-
=880  02$6730-07/{dollar}1$a伊勢物語.
=880  02$6730-08/{dollar}1$a大和物語.
=880  02$6730-09/{dollar}1$a平中物語.
=880  \0$6830-10/{dollar}1$a新編日本古典文学全集 ;$v12.
=859  \\$aORR$bJapanKnowledge
=CAT  \\$aW1704-1242$b00$c20170509$lBLL01$h0927
=CAT  \\$aBATCH-UPD$b00$c20170509$lBLL01$h0934
=CAT  \\$aBATCH-UPD$b00$c20170509$lBLL01$h0939
=CAT  \\$aW2003-0365$c20200305$lBLL01$h1101
=CAT  \\$aBATCH-UPD$b00$c20200918$lBLL01$h2045
=FIN  \\$aY$d20170509
=SID  \\$aZ30$bOCLC
=SRC  \\$aJapanKnowledge_2017$bJK_OCLC20170203.mrc
=LAS  \\$aBATCH-UPD$b00$c20200918$lBLL01$h2045

