=LDR  02601 am a22006257a 4500
=001  018338177
=003  Uk
=005  20170106043031.0
=006  m\\\\\o\\d\\\\\\\\
=007  cr\|||||||||||
=008  100630s1977\\\\ja\\\\\\ob\\\\000\0\jpn\d
=FMT  \\$a  BK
=019  \\$a297831084
=035  \\$a(OCoLC)645376541$z(OCoLC)297831084
=040  \\$aOCLCE$beng$cOCLCE$dCUS$dOCLCQ$dOCLCO$dOCLCF$dYUS$dOCLCO$dYUS$dOCLCO$dOCLCQ$dYUS$dOCLCO$dUk$epn
=042  \\$adlr
=043  \\$aa-ja---
=050  \4$aBQ9800.N9692$bI772 1977 <Orien Japan>
=100  0\$6880-01$aKino,$d1759-1826
=240  10$6880-02$aOkyōsama.$kSelections
=245  10$6880-03$aOkyōsama :$bminshū shūkyō no seiten, Nyoraikyō /$cIsson Nyorai Kino ; Murakami Shigeyoshi kōchū.
=250  \\$6880-04$aShohan.
=260  \\$6880-05$aTōkyō :$bHeibonsha,$cShōwa 52 [1977]
=300  \\$a1 online resource (ii, xii, 312 pages).
=336  \\$atext$btxt$2rdacontent
=337  \\$acomputer$bc$2rdamedia
=338  \\$aonline resource$bcr$2rdacarrier
=490  1\$6880-06$aTōyō bunko ;$v313
=504  \\$aIncludes bibliographical references (pages 311-312).
=588  0\$aPrint version record.
=650  \0$aNyoraikyō (Sect)
=650  \7$aNyoraikyō (Sect)$2fast$0(OCoLC)fst01042460
=700  1\$6880-07$aMurakami, Shigeyoshi,$d1928-1991
=773  0\$tJapanKnowledge
=776  08$iPrint version:$aKino, 1759-1826.$sOkyōsama. Selections.$tOkyōsama.$dTōkyō : Heibonsha, Shōwa 52 [1977]
=830  \0$6880-08$aTōyō bunko$v313.
=856  40$3JapanKnowledge$uhttp://japanknowledge.com/lib/display/?lid=80010V0313P0002$yJapanKnowledge Lib
=880  0\$6100-01/{dollar}1$aきの,$d1759-1826.
=880  10$6240-02/{dollar}1$aお経様.$kSelections
=880  10$6245-03/{dollar}1$aお経様 :$b民衆宗教の聖典. 如来教 /$c一尊如来きの ; 村上重良校注.
=880  \\$6250-04/{dollar}1$a初版.
=880  \\$6260-05/{dollar}1$a東京 :$b平凡社,$c昭和52 [1977]
=880  1\$6490-06/{dollar}1$a東洋文庫 ;$v313
=880  \\$6500-00/{dollar}1$a"本書は ... 如来教および一尊教団の教典である."
=880  1\$6700-07/{dollar}1$a村上重良,$d1928-1991.
=880  \0$6830-08/{dollar}1$a東洋文庫 ;$v313.
=859  \\$aORR$bJapanKnowledge
=CAT  \\$aW1704-1242$b00$c20170509$lBLL01$h0927
=CAT  \\$aBATCH-UPD$b00$c20170509$lBLL01$h0934
=CAT  \\$aBATCH-UPD$b00$c20170509$lBLL01$h0939
=CAT  \\$aW2003-0365$c20200305$lBLL01$h1101
=FIN  \\$aY$d20170509
=SID  \\$aZ30$bOCLC
=SRC  \\$aJapanKnowledge_2017$bJK_OCLC20170203.mrc
=LAS  \\$aW2003-0365$b00$c20200305$lBLL01$h1101

