=LDR  02440 am a22006254i 4500
=001  018338178
=003  Uk
=005  20170106043031.0
=006  m\\\\\o\\d\\\\\\\\
=007  cr\|||||||||||
=008  151117s2006\\\\ja\\\\\gob\\\\000\0\jpn\d
=FMT  \\$a  BK
=020  \\$z4560508984
=020  \\$z9784560508985
=035  \\$a(OCoLC)929688447
=040  \\$aWTU$beng$cYUS$dOCLCO$dYUS$dOCLCO$dOCLCF$dUk$erda$epn
=041  1\$ajpn$hfre
=100  1\$aVigneron, E.,$eauthor.
=240  10$aPolynésie française.$lJapanese
=245  10$6880-01$aFuransu-ryō Porineshia /$cEmanyueru Vinyuron cho ; Suga Keijirō yaku.
=264  \1$6880-02$aTōkyō :$bHakusuisha,$c2006.
=300  \\$a1 online resource.
=336  \\$atext$btxt$2rdacontent
=337  \\$acomputer$bc$2rdamedia
=338  \\$aonline resource$bcr$2rdacarrier
=490  1\$6880-03$aBunko Kuseju ;$v898
=504  \\$aIncludes bibliographical references.
=588  \\$aDescription based on print version.
=650  \7$aTravel.$2fast$0(OCoLC)fst01155558
=651  \0$aFrench Polynesia$xHistory.
=651  \0$aFrench Polynesia$xDescription and travel.
=651  \0$aFrench Polynesia$vStatistics.
=651  \7$aFrench Polynesia.$2fast$0(OCoLC)fst01202933
=655  \7$aHistory.$2fast$0(OCoLC)fst01411628
=655  \7$aStatistics.$2fast$0(OCoLC)fst01423727
=700  1\$6880-04,$aSuga, Keijirō,$d1958-$etranslator.
=700  1\$iTranslation of:$aVigneron, E.$tLa Polynésie française.
=773  0\$tJapanKnowledge
=776  08$iPrint version:$tFuransuryō porineshia
=830  \0$6880-05$aBunko kuseju$v898.
=856  40$3JapanKnowledge$uhttp://japanknowledge.com/lib/display/?lid=8021008980000$yJapanKnowledge Lib
=880  10$6245-01$aフランス領ポリネシア /$cエマニュエル・ヴィニュロン著 ; 管啓次郎訳.
=880  \1$6264-02$a東京 :$b白水社,$c2006.
=880  1\$6490-03$a文庫クセジュ ;$v898
=880  1\$6700-04$a管啓次郎,$d1958-$etranslator.
=880  \0$6830-05$a文庫クセジュ ;$v898.
=859  \\$aORR$bJapanKnowledge
=CAT  \\$aW1704-1242$b00$c20170509$lBLL01$h0927
=CAT  \\$aBATCH-UPD$b00$c20170509$lBLL01$h0934
=CAT  \\$aBATCH-UPD$b00$c20170509$lBLL01$h0939
=CAT  \\$aW2003-0365$c20200305$lBLL01$h1101
=FIN  \\$aY$d20170509
=SID  \\$aZ30$bOCLC
=SRC  \\$aJapanKnowledge_2017$bJK_OCLC20170203.mrc
=LAS  \\$aW2003-0365$b00$c20200305$lBLL01$h1101

