=LDR  02351 am a22005774i 4500
=001  018338179
=003  Uk
=005  20170106043032.0
=006  m\\\\\o\\d\\\\\\\\
=007  cr\|||||||||||
=008  151117s2006\\\\ja\\\\\gob\\\\000\0\jpnod
=FMT  \\$a  BK
=020  \\$z4560509034
=020  \\$z9784560509036
=035  \\$a(OCoLC)929688443
=040  \\$aWTU$beng$cYUS$dOCLCO$dYUS$dOCLCO$dOCLCF$dOCLCO$dUk$erda$epn
=041  1\$ajpn$hfre
=100  10$aDalemont, Etienne,$eauthor.
=240  10$aHistoire du pétrole.$lJapanese
=245  10$6880-01$aSekiyu no rekishi :$bRokkuferā kara Wangan Sensō go no sekai made /$cEtiennu Darumon, Jan Karie cho ; Miura Noritsune yaku.
=264  \1$6880-02$aTōkyō :$bHakusuisha,$c2006.
=300  \\$a1 online resource.
=336  \\$atext$btxt$2rdacontent
=337  \\$acomputer$bc$2rdamedia
=338  \\$aonline resource$bcr$2rdacarrier
=490  1\$6880-03$aBunko Kuseju ;$v903
=504  \\$aIncludes bibliographical references.
=588  \\$aDescription based on print version.
=650  \0$aPetroleum industry and trade$xHistory.
=650  \7$aPetroleum industry and trade.$2fast$0(OCoLC)fst01059546
=655  \7$aHistory.$2fast$0(OCoLC)fst01411628
=700  1\$6880-04$aMiura, Noritsune$etranslator.
=700  1\$aCarrié, Jean,$eauthor.
=700  1\$iTranslation of:$aDalemont, Etienne.$tHistoire du pétrole.
=773  0\$tJapanKnowledge
=776  08$iPrint version:$tSekiyu no rekishi
=830  \0$6880-05$aBunko kuseju$v903.
=856  40$3JapanKnowledge$uhttp://japanknowledge.com/lib/display/?lid=8021009030000$yJapanKnowledge Lib
=880  10$6245-01$a石油の歴史 :$bロックフェラーから湾岸戦争後の世界まで /$cエティエンヌ・ダルモン, ジャン・カリエ著 ; 三浦礼恒訳.
=880  \1$6264-02$a東京 :$b白水社,$c2006.
=880  1\$6490-03$a文庫クセジュ ;$v903
=880  1\$6700-04$a三浦礼恒,$etranslator.
=880  \0$6830-05$a文庫クセジュ ;$v903.
=859  \\$aORR$bJapanKnowledge
=CAT  \\$aW1704-1242$b00$c20170509$lBLL01$h0927
=CAT  \\$aBATCH-UPD$b00$c20170509$lBLL01$h0934
=CAT  \\$aW2003-0365$c20200305$lBLL01$h1101
=FIN  \\$aY$d20170509
=SID  \\$aZ30$bOCLC
=SRC  \\$aJapanKnowledge_2017$bJK_OCLC20170203.mrc
=LAS  \\$aW2003-0365$b00$c20200305$lBLL01$h1101

