=LDR  02359 am a22006014i 4500
=001  018338180
=003  Uk
=005  20170106043032.0
=006  m\\\\\o\\d\\\\\\\\
=007  cr\|||||||||||
=008  160115s1971\\\\ja\b\\\\ob\\\\000\0\jpn\d
=FMT  \\$a  BK
=020  \\$z9784560054987
=020  \\$z4560054983
=035  \\$a(OCoLC)934799011
=040  \\$aWTU$beng$cYUS$dOCLCO$dYUS$dOCLCO$dOCLCF$dUk$erda$epn
=041  1\$ajpn$hfre
=100  1\$aHerman, József,$eauthor.
=240  10$aLatin vulgaire.$lJapanese
=245  10$6880-01$aZoku ratengo /$cJozefu Heruman cho ; Shinmura Takeshi, Kunihara Kichinosuke kyōyaku.
=264  \1$6880-02$aTōkyō :$bHakusuisha,$c1971.
=300  \\$a1 online resource :$bmaps.
=336  \\$atext$btxt$2rdacontent
=337  \\$acomputer$bc$2rdamedia
=338  \\$aonline resource$bcr$2rdacarrier
=490  1\$6880-03$aBunko kuseju ;$v498
=504  \\$aIncludes bibliographical references.
=588  \\$aDescription based on print version.
=650  \0$aLatin language, Vulgar.
=650  \7$aLatin language, Vulgar.$2fast$0(OCoLC)fst00993320
=700  1\$6880-04,$aShinmura, Takeshi,$d1905-1992$etranslator.
=700  1\$6880-05,$aKunihara, Kichinosuke,$d1926-$etranslator.
=700  1\$iTranslation of:$aHerman, József.$tLe Latin vulgaire.
=773  0\$tJapanKnowledge
=776  08$iPrint version:$tZoku ratengo.
=830  \0$6880-06$aBunko kuseju$v498.
=856  40$3JapanKnowledge$uhttp://japanknowledge.com/lib/display/?lid=8021004980000$yJapanKnowledge Lib
=880  10$6245-01$a俗ラテン語 /$cジョゼフ・ヘルマン著 ; 新村猛,国原吉之助共訳.
=880  \1$6264-02$a東京 :$b白水社,$c1971.
=880  1\$6490-03$a文庫クセジュ ;$v498
=880  1\$6700-04$a新村猛,$d1905-$etranslator.
=880  1\$6700-05$a国原吉之助,$d1926-$etranslator.
=880  \0$6830-06$a文庫クセジュ ;$v498.
=859  \\$aORR$bJapanKnowledge
=CAT  \\$aW1704-1242$b00$c20170509$lBLL01$h0927
=CAT  \\$aBATCH-UPD$b00$c20170509$lBLL01$h0934
=CAT  \\$aBATCH-UPD$b00$c20170509$lBLL01$h0939
=CAT  \\$aW2003-0365$c20200305$lBLL01$h1101
=CAT  \\$aBATCH-UPD$b00$c20200611$lBLL01$h2042
=FIN  \\$aY$d20170509
=SID  \\$aZ30$bOCLC
=SRC  \\$aJapanKnowledge_2017$bJK_OCLC20170203.mrc
=LAS  \\$aBATCH-UPD$b00$c20200611$lBLL01$h2042

