=LDR  02072 am a22005534i 4500
=001  018338181
=003  Uk
=005  20170106043032.0
=006  m\\\\\o\\d\\\\\\\\
=007  cr\|||||||||||
=008  151113s1984\\\\ja\\\\\\o\\\\\000\0\jpn\d
=FMT  \\$a  BK
=020  \\$z4560056625
=020  \\$z9784560056622
=035  \\$a(OCoLC)929029037
=040  \\$aWTU$beng$cYUS$dOCLCO$dYUS$dOCLCO$dOCLCF$dUk$erda$epn
=041  1\$ajpn$hfre
=100  1\$aVaucaire, Michel,$eauthor.
=240  10$aLa bibliophilie.$lJapanese
=245  00$6880-01$aAisho shumi /$cMisheru Vokēru cho ; Ōtaka Yorio yaku.
=264  \1$6880-02$aTōkyō :$bHakusuisha,$c1984.
=300  \\$a1 online resource.
=336  \\$atext$btxt$2rdacontent
=337  \\$acomputer$bc$2rdamedia
=338  \\$aonline resource$bcr$2rdacarrier
=490  1\$6880-03$aBunko kuseju ;$v662
=588  \\$aDescription based on print version.
=650  \0$aBook collecting$vHandbooks, manuals, etc.
=650  \7$aBook collecting.$2fast$0(OCoLC)fst00836132
=655  \7$aHandbooks and manuals.$2fast$0(OCoLC)fst01423877
=700  1\$6880-04,$aOtaka, Yorio.$etranslator.
=700  1\$iTranslation of:$aVaucaire, Michel.$tLa bibliophilie.
=773  0\$tJapanKnowledge
=776  08$iPrint version:$tAisho shumi
=830  \0$6880-05$aBunko kuseju$v662.
=856  40$3JapanKnowledge$uhttp://japanknowledge.com/lib/display/?lid=8021006620000$yJapanKnowledge Lib
=880  00$6245-01$a愛書趣味 /$cミシェル・ヴォケール著 ; 大高順雄訳.
=880  \1$6264-02$a東京 :$b白水社,$c1984.
=880  1\$6490-03$a文庫クセジュ ;$v662
=880  1\$6700-04$a大高順雄,$etranslator.
=880  \0$6830-05$a文庫クセジュ ;$v662.
=859  \\$aORR$bJapanKnowledge
=CAT  \\$aW1704-1242$b00$c20170509$lBLL01$h0927
=CAT  \\$aBATCH-UPD$b00$c20170509$lBLL01$h0934
=CAT  \\$aW2003-0365$c20200305$lBLL01$h1101
=FIN  \\$aY$d20170509
=SID  \\$aZ30$bOCLC
=SRC  \\$aJapanKnowledge_2017$bJK_OCLC20170203.mrc
=LAS  \\$aW2003-0365$b00$c20200305$lBLL01$h1101

