=LDR  02650 am a22006257  4500
=001  018338182
=003  Uk
=005  20170106043033.0
=006  m\\\\\o\\d\\\\\\\\
=007  cr\|||||||||||
=008  100305s1974\\\\ja\\\\\\o\\\\\000\0\jpn\d
=FMT  \\$a  BK
=019  \\$a301331207
=035  \\$a(OCoLC)541078413$z(OCoLC)301331207
=040  \\$aOCLCE$beng$cOCLCE$dOCLCQ$dCUS$dOCLCQ$dOCLCO$dOCLCF$dYUS$dOCLCO$dYUS$dOCLCO$dOCLCQ$dYUS$dOCLCO$dUk$epn
=042  \\$adlr
=043  \\$aa-ja---
=050  \4$aDS808$b.T3
=100  1\$6880-01$aTachibana, Nankei,$d1754-1806
=245  10$6880-02$aTōzai yūki$cTachibana Nankei cho, Munemasa Isoo kōchū.
=260  \\$6880-03$aTōkyō,$bHeibonsha,$cShōwa 49 (1974)
=300  \\$a1 online resource (2 volumes).
=336  \\$atext$btxt$2rdacontent
=337  \\$acomputer$bc$2rdamedia
=338  \\$aonline resource$bcr$2rdacarrier
=490  1\$6880-04$aTōyō bunko,$v248-249
=505  8\$aTôyûki -- Tôyûki kôhen -- Tôyûki hoi -- Seiyûki -- Seiyûki zokuhen -- Seiyûki hoi.
=588  0\$aPrint version record.
=650  \7$aTravel.$2fast$0(OCoLC)fst01155558
=651  \0$aJapan$xDescription and travel$vEarly works to 1800.
=651  \0$aJapan$xDescription and travel.
=651  \7$aJapan.$2fast$0(OCoLC)fst01204082
=655  \7$aEarly works.$2fast$0(OCoLC)fst01411636
=700  1\$6880-05,$aMunemasa, Isoo,$d1929-2003$eeditor.
=773  0\$tJapanKnowledge
=776  08$iPrint version:$aTachibana, Nanakei, 1754-1806.$tTōzai yūki.$dTōkyō, Heibonsha, Shōwa 49 (1974)
=830  \0$6880-06$aTōyō bunko$v248-249.
=856  40$3JapanKnowledge Volume 1$uhttp://japanknowledge.com/lib/display/?lid=80010V0248P0002$yJapanKnowledge Lib
=856  40$3JapanKnowledge Volume 2$uhttp://japanknowledge.com/lib/display/?lid=80010V0249P0002$yJapanKnowledge Lib
=880  1\$6100-01/{dollar}1$a橘南谿,$d1754-1806.
=880  10$6245-02/{dollar}1$a東西遊記$c橘南谿著, 宗政五十緖校注.
=880  \\$6260-03/{dollar}1$a東京,$b平凡社,$c昭和49 (1974)
=880  \\$6250-00/{dollar}1$a初版.
=880  1\$6490-04/{dollar}1$a東洋文庫,$v248-249
=880  1\$6700-05/{dollar}1$a宗政五十緖,$d1929-2003,$eeditor.
=880  \0$6830-06/{dollar}1$a東洋文庫 ;$v248-249.
=859  \\$aORR$bJapanKnowledge
=CAT  \\$aW1704-1242$b00$c20170509$lBLL01$h0927
=CAT  \\$aBATCH-UPD$b00$c20170509$lBLL01$h0934
=CAT  \\$aBATCH-UPD$b00$c20170509$lBLL01$h0939
=CAT  \\$aW2003-0365$c20200305$lBLL01$h1101
=FIN  \\$aY$d20170509
=SID  \\$aZ30$bOCLC
=SRC  \\$aJapanKnowledge_2017$bJK_OCLC20170203.mrc
=LAS  \\$aW2003-0365$b00$c20200305$lBLL01$h1101

