=LDR  02864 am a22006977a 4500
=001  018338183
=003  Uk
=005  20170106043033.0
=006  m\\\\\o\\d\\\\\\\\
=007  cr\|||||||||||
=008  110425s1967\\\\ja\ab\\\ob\\\\000\0\jpn\d
=FMT  \\$a  BK
=035  \\$a(OCoLC)714804619
=040  \\$aOCLCE$beng$cOCLCE$dOCLCA$dCUS$dOCLCQ$dOCLCF$dOCLCQ$dYUS$dOCLCO$dYUS$dOCLCO$dOCL$dOCLCQ$dYUS$dOCLCO$dUk$epn
=042  \\$adlr
=043  \\$aa-cc---
=050  \4$aDS796.S55$bI8 1967
=100  1\$6880-01$aIshida, Mikinosuke,$d1891-1974
=245  10$6880-02$aZōtei Chōan no haru /$cIshida Mikinosuke cho ; Enoki Kazuo kaisetsu.
=246  30$6880-03$aChōan no haru
=250  \\$6880-04$aShohan.
=260  \\$6880-05$aTōkyō :$bHeibonsha,$c1967$g(1982 printing)
=300  \\$a1 online resource (7, 344 pages) :$billustrations, maps.
=336  \\$atext$btxt$2rdacontent
=337  \\$acomputer$bc$2rdamedia
=338  \\$aonline resource$bcr$2rdacarrier
=490  1\$6880-06$aTōyō bunko ;$v91
=504  \\$aIncludes bibliographical references.
=588  0\$aPrint version record.
=648  \7$a618-907$2fast
=650  \7$aTang Dynasty (China)$2fast$0(OCoLC)fst01696781
=651  \0$6880-07$aXi'an Shi (China)$xHistory$vAnecdotes.
=651  \0$aChina$xHistory$yTang dynasty, 618-907$vAnecdotes.
=651  \7$aChina$zXi'an Shi.$2fast$0(OCoLC)fst01210102
=651  \7$aChina.$2fast$0(OCoLC)fst01206073
=653  \\$6880-08$aChūgoku$aBunka$aRekishi$aTōjidai.
=655  \7$aAnecdotes.$2fast$0(OCoLC)fst01423876
=655  \7$aHistory.$2fast$0(OCoLC)fst01411628
=700  1\$6880-09$aEnoki, Kazuo,$d1913-1989
=773  0\$tJapanKnowledge
=776  08$iPrint version:$aIshida, Mikinosuke, 1891-1974.$tZōtei Chōan no haru.$bShohan.$dTōkyō : Heibonsha, 1967
=830  \0$6880-10$aTōyō bunko$v91.
=856  40$3JapanKnowledge$uhttp://japanknowledge.com/lib/display/?lid=80010V0091P0002$yJapanKnowledge Lib
=880  1\$6100-01/{dollar}1$a石田幹之助,$d1891-1974.
=880  10$6245-02/{dollar}1$a増訂長安の春 /$c石田幹之助著 ; 榎一雄解說.
=880  30$6246-03/{dollar}1$a長安の春
=880  \\$6250-04/{dollar}1$a初版.
=880  \\$6260-05/{dollar}1$a東京 :$b平凡社,$c1967$g(1982 printing)
=880  1\$6490-06/{dollar}1$a東洋文庫 ;$v91
=880  \4$6651-07/{dollar}1$a西安市 (China)$xHistory$vAnecdotes.
=880  \\$6653-08/{dollar}1$a中国$a文化$a歴史$a唐時代.
=880  1\$6700-09/{dollar}1$a榎一雄,$d1913-1989.
=880  \0$6830-10/{dollar}1$a東洋文庫 ;$v91.
=859  \\$aORR$bJapanKnowledge
=CAT  \\$aW1704-1242$b00$c20170509$lBLL01$h0927
=CAT  \\$aBATCH-UPD$b00$c20170509$lBLL01$h0934
=CAT  \\$aW2003-0365$c20200305$lBLL01$h1101
=FIN  \\$aY$d20170509
=SID  \\$aZ30$bOCLC
=SRC  \\$aJapanKnowledge_2017$bJK_OCLC20170203.mrc
=LAS  \\$aW2003-0365$b00$c20200305$lBLL01$h1101

