=LDR  02219 am a22005894i 4500
=001  018338184
=003  Uk
=005  20170106043033.0
=006  m\\\\\o\\d\\\\\\\\
=007  cr\|||||||||||
=008  151113s1992\\\\ja\\\\\\ob\\\\000\0\jpn\d
=FMT  \\$a  BK
=020  \\$z4560057311
=020  \\$z9784560057315
=035  \\$a(OCoLC)929028660
=040  \\$aWTU$beng$cYUS$dOCLCO$dYUS$dOCLCO$dOCLCF$dUk$erda$epn
=041  1\$ajpn$hfre
=100  1\$aVilar, Pierre,$d1906-2003,$eauthor.
=240  10$aHistoire de l'Espagne.$lJapanese
=245  10$6880-01$aSupein shi /$cPiēru Virāru cho ; Fujita Kazushige yaku.
=264  \1$6880-02$aTōkyō :$bHakusuisha,$c1992.
=300  \\$a1 online resource.
=336  \\$atext$btxt$2rdacontent
=337  \\$acomputer$bc$2rdamedia
=338  \\$aonline resource$bcr$2rdacarrier
=490  1\$6880-03$aBunko kuseju ;$v731
=504  \\$aIncludes bibliographical references.
=588  \\$aDescription based on print version.
=651  \0$aSpain$xHistory.
=651  \7$aSpain.$2fast$0(OCoLC)fst01204303
=655  \7$aHistory.$2fast$0(OCoLC)fst01411628
=700  1\$6880-04$aFujita, Kazushige,$etranslator.
=700  1\$iTranslation of:$aVilar, Pierre,$d1906-2003.$tHistoire de l'Espagne.
=773  0\$tJapanKnowledge
=776  08$iPrint version:$tSupein shi
=830  \0$6880-05$aBunko kuseju$v731.
=856  40$3JapanKnowledge$uhttp://japanknowledge.com/lib/display/?lid=8021007310000$yJapanKnowledge Lib
=880  10$6245-01$aスペイン史 /$cピエール・ヴィラール著 ; 藤田一成訳.
=880  \1$6264-02$a東京 :$b白水社,$c1992.
=880  1\$6490-03$a文庫クセジュ ;$v731
=880  1\$6700-04$a藤田一成,$etranslator.
=880  \0$6830-05$a文庫クセジュ ;$v731.
=859  \\$aORR$bJapanKnowledge
=CAT  \\$aW1704-1242$b00$c20170509$lBLL01$h0927
=CAT  \\$aBATCH-UPD$b00$c20170509$lBLL01$h0934
=CAT  \\$aBATCH-UPD$b00$c20181220$lBLL01$h2121
=CAT  \\$aBATCH-UPD$b00$c20200116$lBLL01$h2107
=CAT  \\$aW2003-0365$c20200305$lBLL01$h1101
=FIN  \\$aY$d20170509
=SID  \\$aZ30$bOCLC
=SRC  \\$aJapanKnowledge_2017$bJK_OCLC20170203.mrc
=LAS  \\$aW2003-0365$b00$c20200305$lBLL01$h1101

