=LDR  02076 am a22005774i 4500
=001  018338185
=003  Uk
=005  20170106043033.0
=006  m\\\\\o\\d\\\\\\\\
=007  cr\|||||||||||
=008  151113s1996\\\\ja\\\\\\o\\\\\000\0\jpn\d
=FMT  \\$a  BK
=020  \\$z4560057826
=020  \\$z9784560057827
=035  \\$a(OCoLC)929030595
=040  \\$aYUS$beng$cYUS$dYUS$dOCLCO$dOCLCF$dUk$erda$epn
=041  1\$ajpn$hfre
=043  \\$aa-cb---
=050  \4$aDS554.3$b.D45163 1996
=245  00$6880-01$aKanbojia /$cJan Deruvēru [cho] ; Ishizawa Yoshiaki, Nakajima Setsuko kyōyaku.
=264  \1$6880-02$aTōkyō :$bHakusuisha,$c1996.
=300  \\$a1 online resource.
=336  \\$atext$btxt$2rdacontent
=337  \\$acomputer$bc$2rdamedia
=338  \\$aonline resource$bcr$2rdacarrier
=490  1\$6880-03$aBunko kuseju ;$v782
=588  \\$aDescription based on print version.
=651  \0$aCambodia.
=651  \7$aCambodia.$2fast$0(OCoLC)fst01207659
=700  1\$6880-04$aIshizawa, Yoshiaki,$d1937-
=700  1\$6880-05$aNakajima, Setsuko,$d1942-
=700  1\$aDelvert, Jean.
=730  0\$aCambodge.
=773  0\$tJapanKnowledge
=776  08$iPrint version:$tKanbojia.
=830  \0$6880-06$aBunko kuseju$v782.
=856  40$3JapanKnowledge$uhttp://japanknowledge.com/lib/display/?lid=8021007820000$yJapanKnowledge Lib
=880  00$6245-01/{dollar}1$aカンボジア /$cジャン・デルヴェール [著] ; 石沢良昭, 中島節子共訳.
=880  \1$6264-02/{dollar}1$a東京 :$b白水社,$c1996.
=880  1\$6490-03/{dollar}1$a文庫クセジュ ;$v782
=880  1\$6700-04/{dollar}1$a石沢良昭,$d1937-
=880  1\$6700-05/{dollar}1$a中島節子,$d1942-
=880  \0$6830-06/{dollar}1$a文庫クセジュ ;$v782.
=859  \\$aORR$bJapanKnowledge
=CAT  \\$aW1704-1242$b00$c20170509$lBLL01$h0927
=CAT  \\$aBATCH-UPD$b00$c20170509$lBLL01$h0934
=CAT  \\$aW2003-0365$c20200305$lBLL01$h1101
=FIN  \\$aY$d20170509
=SID  \\$aZ30$bOCLC
=SRC  \\$aJapanKnowledge_2017$bJK_OCLC20170203.mrc
=LAS  \\$aW2003-0365$b00$c20200305$lBLL01$h1101

