=LDR  02291 am a22005894i 4500
=001  018338186
=003  Uk
=005  20170106043034.0
=006  m\\\\\o\\d\\\\\\\\
=007  cr\|||||||||||
=008  151112s2001\\\\ja\ab\\\obd\\\001\0cjpn\d
=FMT  \\$a  BK
=020  \\$z4062108003
=020  \\$z9784062108003
=035  \\$a(OCoLC)928950765
=040  \\$aYUS$beng$cYUS$dOCLCO$dYUS$dOCLCO$dUk$erda$epn
=043  \\$aa-ja---
=050  00$aCT1832$b.K63 2001
=245  00$6880-01$aKōdansha Nihon jinmei daijiten /$ckanshū Ueda Masaaki [and others].
=246  30$6880-02$aNihon jinmei daijiten
=264  \1$6880-03$aTōkyō :$bKōdansha,$c2001
=300  \\$a1 online resource
=336  \\$atext$btxt$2rdacontent
=337  \\$acomputer$bc$2rdamedia
=338  \\$aonline resource$bcr$2rdacarrier
=504  \\$aIncludes bibliographical references (pages 7-9 (1st group)) and indexes.
=588  \\$aDescription based on print version.
=650  \0$aBiography$vDictionaries$xJapanese.
=650  \6$aBiographies$vDictionnaires japonais.
=650  \7$aBiography.$2fast$0(OCoLC)fst00832149
=651  \0$aJapan$vBiography$vDictionaries.
=651  \6$aJapon$vBiographies$vDictionnaires japonais.
=651  \7$aJapan.$2fast$0(OCoLC)fst01204082
=655  \7$aBiography$vDictionaries.$2fast$0(OCoLC)fst01423824
=655  \7$aDictionaries.$2fast$0(OCoLC)fst01423826
=710  2\$6880-04$aKōdansha.$bShuppan Kenkyūjo.
=773  0\$tJapanKnowledge
=776  08$iPrint version:$tKōdansha Nihon jinmei daijiten
=856  40$3JapanKnowledge$uhttp://japanknowledge.com/lib/search/basic/?cids=50110$yJapanKnowledge Lib
=880  00$6245-01/{dollar}1$a講談社日本人名大辞典 /$c監修上田正昭 [and others].
=880  30$6246-02/{dollar}1$a日本人名大辞典
=880  \1$6264-03/{dollar}1$a東京 :$b講談社,$c2001
=880  2\$6710-04/{dollar}1$a講談社.$b出版研究所.
=859  \\$aORR$bJapanKnowledge
=CAT  \\$aW1704-1242$b00$c20170509$lBLL01$h0927
=CAT  \\$aBATCH-UPD$b00$c20170509$lBLL01$h0934
=CAT  \\$aBATCH-UPD$b00$c20170509$lBLL01$h0939
=CAT  \\$aW2003-0365$c20200305$lBLL01$h1101
=FIN  \\$aY$d20170509
=SID  \\$aZ30$bOCLC
=SRC  \\$aJapanKnowledge_2017$bJK_OCLC20170203.mrc
=LAS  \\$aW2003-0365$b00$c20200305$lBLL01$h1101

