=LDR  02698 am a22006617a 4500
=001  018338187
=003  Uk
=005  20170106043034.0
=006  m\\\\\o\\d\\\\\\\\
=007  cr\|||||||||||
=008  111008s2001\\\\ja\\\\\\ob\\\\000\p\jpn\d
=FMT  \\$a  BK
=019  \\$a300995979
=020  \\$z4582806945
=020  \\$z9784582806946
=035  \\$a(OCoLC)756382265$z(OCoLC)300995979
=040  \\$aOCLCE$beng$cOCLCE$dCUS$dOCLCQ$dOCLCO$dOCLCF$dOCLCQ$dYUS$dOCLCO$dYUS$dOCLCO$dOCLCQ$dYUS$dOCLCO$dUk$epn
=041  1\$ajpn$hkir
=042  \\$adlr
=043  \\$aa-kg---
=050  \4$aPL44.9$b.M372 2001
=130  0\$aManas.$n1.$lJapanese.
=245  10$6880-01$aManasu.$pShōnen hen :$bKirugisu eiyū jojishi /$cWakamatsu Hiroshi yaku.
=250  \\$6880-02$aShohan.
=260  \\$6880-03$aTōkyō :$bHeibonsha,$c2001.
=300  \\$6880-04$a1 online resource (338 pages).
=336  \\$atext$btxt$2rdacontent
=337  \\$acomputer$bc$2rdamedia
=338  \\$aonline resource$bcr$2rdacarrier
=490  1\$6880-05$aTōyō bunko ;$v694
=504  \\$aIncludes bibliographical references.
=588  0\$aPrint version record.
=650  \0$aEpic poetry, Kyrgyz$vTranslations into Japanese.
=650  \7$aEpic poetry, Kyrgyz.$2fast$0(OCoLC)fst00913950
=655  \7$aTranslations.$2fast$0(OCoLC)fst01423791
=700  1\$6880-06$aWakamatsu, Hiroshi,$d1937-
=773  0\$tJapanKnowledge
=776  08$iPrint version:$tManasu. Shōnen hen.$bShohan.$dTōkyō : Heibonsha, 2001$z4582806945
=830  \0$6880-07$aTōyō bunko$v694.
=856  40$3JapanKnowledge$uhttp://japanknowledge.com/lib/display/?lid=80010V0694P0002$yJapanKnowledge Lib
=880  10$6245-01/{dollar}1$aマナス.$p少年篇 :$bキルギス英雄叙事詩 /$c若松寬訳.
=880  \\$6250-02/{dollar}1$a初版.
=880  \\$6260-03/{dollar}1$a東京 :$b平凡社,$c2001.
=880  \\$6300-04/{dollar}1$a1 online resource (冊.
=880  1\$6490-05/{dollar}1$a東洋文庫 ;$v694
=880  \\$6500-00/{dollar}1$a原著第1部第1-2冊(1984-1988年刊)の翻訳.
=880  0\$6505-00/{dollar}1$a[1] . 少年篇. -- [2] . 青年篇.
=880  1\$6700-06/{dollar}1$a若松寬,$d1937-
=880  0\$6765-00/(N$tМанас : киргизский героический эпос. (《Эпос народов СССР》).$dМосква : Наука, 1984-1988
=880  \0$6830-07/{dollar}1$a東洋文庫 ;$v694.
=859  \\$aORR$bJapanKnowledge
=CAT  \\$aW1704-1242$b00$c20170509$lBLL01$h0927
=CAT  \\$aBATCH-UPD$b00$c20170509$lBLL01$h0934
=CAT  \\$aW2003-0365$c20200305$lBLL01$h1101
=FIN  \\$aY$d20170509
=SID  \\$aZ30$bOCLC
=SRC  \\$aJapanKnowledge_2017$bJK_OCLC20170203.mrc
=LAS  \\$aW2003-0365$b00$c20200305$lBLL01$h1101

