=LDR  02228 am a22005777i 4500
=001  018338188
=003  Uk
=005  20170106043034.0
=006  m\\\\\o\\d\\\\\\\\
=007  cr\|||||||||||
=008  100305s1974\\\\ja\\\\\\o\\\\\000\0\jpn\d
=FMT  \\$a  BK
=019  \\$a301144612
=035  \\$a(OCoLC)541078416$z(OCoLC)301144612
=040  \\$aOCLCE$beng$cOCLCE$dOCLCQ$dCUS$dOCLCQ$dOCLCO$dYUS$dOCLCO$dYUS$dOCLCO$dOCLCQ$dYUS$dOCLCO$dUk$epn
=042  \\$adlr
=043  \\$aa-ja---
=050  \4$aNK1071$b.K85
=100  1\$6880-01$aKurokawa, Mayori,$d1829-1906
=245  10$6880-02$aKōgei shiryō /$cKurokawa Mayori ; Maeda Yasuji kōchū.
=250  \\$6880-03$aZōtei.
=260  \\$6880-04$aTōkyō :$bHeibonsha,$cShōwa 49 [1974]
=300  \\$a1 online resource (396, 2 pages).
=336  \\$atext$btxt$2rdacontent
=337  \\$acomputer$bc$2rdamedia
=338  \\$aonline resource$bcr$2rdacarrier
=490  1\$6880-05$aTōyō bunko ;$v254
=588  0\$aPrint version record.
=650  \0$aDecorative arts, Japanese$xHistory.
=650  \0$aHandicraft$zJapan$xHistory.
=700  1\$6880-06$aMaeda, Yasuji,$d1913-
=773  0\$tJapanKnowledge
=776  08$iPrint version:$aKurokawa, Mayori, 1829-1906.$tKōgei shiryō.$bZōtei.$dTōkyō : Heibonsha, Shōwa 49 [1974]
=830  \0$6880-07$aTōyō bunko$v254.
=856  40$3JapanKnowledge$uhttp://japanknowledge.com/lib/display/?lid=80010V0254P0002$yJapanKnowledge Lib
=880  1\$6100-01/{dollar}1$a黒川真頼,$d1829-1906.
=880  10$6245-02/{dollar}1$a工芸志料 /$c黒川真頼 ; 前田泰次校注.
=880  \\$6250-03/{dollar}1$a増訂.
=880  \\$6260-04/{dollar}1$a東京 :$b平凡社,$c昭和49 [1974]
=880  1\$6490-05/{dollar}1$a東洋文庫 ;$v254
=880  1\$6700-06/{dollar}1$a前田泰次,$d1913-
=880  \0$6830-07/{dollar}1$a東洋文庫 ;$v254.
=859  \\$aORR$bJapanKnowledge
=CAT  \\$aW1704-1242$b00$c20170509$lBLL01$h0927
=CAT  \\$aBATCH-UPD$b00$c20170509$lBLL01$h0934
=CAT  \\$aBATCH-UPD$b00$c20170509$lBLL01$h0939
=CAT  \\$aW2003-0365$c20200305$lBLL01$h1101
=FIN  \\$aY$d20170509
=SID  \\$aZ30$bOCLC
=SRC  \\$aJapanKnowledge_2017$bJK_OCLC20170203.mrc
=LAS  \\$aW2003-0365$b00$c20200305$lBLL01$h1101

