=LDR  03127 am a22006497a 4500
=001  018338189
=003  Uk
=005  20170106043035.0
=006  m\\\\\o\\d\\\\\\\\
=007  cr\|||||||||||
=008  110412s1976\\\\ja\a\\\\o\\\\\000\0\jpn\d
=FMT  \\$a  BK
=035  \\$a(OCoLC)712599936
=040  \\$aOCLCE$beng$cOCLCE$dCUS$dOCLCQ$dOCLCA$dOCLCQ$dOCLCO$dOCLCF$dOCLCQ$dYUS$dOCLCO$dYUS$dOCLCO$dOCLCQ$dYUS$dOCLCO$dUk$epn
=042  \\$adlr
=043  \\$aa-ja---
=050  \4$aSB99.J28$bI86 1977
=084  \\$a627$2njb/9
=100  1\$6880-01$aItō, Ihē,$dactive 17th century
=245  10$6880-02$aKadan chikinshō :$b[6-kan 5-satsu] /$cSannojō Itō Ihē. Kusabanae zenshū : [3-kan] / Itō Ihē ; Katō Kaname kōchū.
=246  3\$aKadan chikin shō
=250  \\$6880-03$aShohan.
=260  \\$6880-04$aTōkyō :$bHeibonsha,$cShōwa 51 [1976]
=300  \\$a1 online resource (vii, 321 pages) :$billustrations.
=336  \\$atext$btxt$2rdacontent
=337  \\$acomputer$bc$2rdamedia
=338  \\$aonline resource$bcr$2rdacarrier
=490  1\$6880-05$aTōyō bunko ;$v288
=500  \\$6880-06$a""Kadan chikinshō" (Genroku hachi-nen ... Shimura Magoshichi kaihan no Edo-ban, Kyōto Daigaku Toshokan-zō) o teihon to shi ... "Kusabanae zenshū" (Genroku jūninen-ban, Tōkyō Daigaku Toshokan-zō) o heisai."
=588  0\$aPrint version record.
=650  \0$aHorticulture$zJapan.
=650  \7$aHorticulture.$2fast$0(OCoLC)fst00960791
=650  07$6880-07$aKaki-Saibai.$2jlabsh/4
=651  \7$aJapan.$2fast$0(OCoLC)fst01204082
=700  12$6880-08.$aItō, Ihē,$dactive 17th century$tKusabanae zenshū.
=773  0\$tJapanKnowledge
=776  08$iPrint version:$aItō, Ihē, 17th cent.$tKadan chikinshō.$dTōkyō : Heibonsha, Shōwa 51 [1976]
=830  \0$6880-09$aTōyō bunko$v288.
=856  40$3JapanKnowledge$uhttp://japanknowledge.com/lib/display/?lid=80010V0288P0002$yJapanKnowledge Lib
=880  1\$6100-01/{dollar}1$a伊藤伊兵衛,$dactive 17th century.
=880  10$6245-02/{dollar}1$a花壇地錦抄 :$b[6卷5冊] /$c三之丞伊藤伊兵衛. 草花絵全集 : [3卷] / 伊藤伊兵衛 ; 加藤要校注.
=880  \\$6250-03/{dollar}1$a初版.
=880  \\$6260-04/{dollar}1$a東京 :$b平凡社,$c昭和51 [1976]
=880  1\$6490-05/{dollar}1$a東洋文庫 ;$v288
=880  \\$6500-06/{dollar}1$a"「花壇地錦抄」 (元祿八年 ... 志村孫七関版の江戶版, 京都大学図書館蔵) を底本とし ... 「草花絵全集」 (元祿一二年版, 東京大学図書館蔵) を併載."
=880  07$6650-07/{dollar}1$a花卉-栽培.$2jlabsh/4
=880  12$6700-08/{dollar}1$a伊藤伊兵衛,$dactive 17th century.$t草花絵全集.
=880  \0$6830-09/{dollar}1$a東洋文庫 ;$v288.
=859  \\$aORR$bJapanKnowledge
=CAT  \\$aW1704-1242$b00$c20170509$lBLL01$h0927
=CAT  \\$aBATCH-UPD$b00$c20170509$lBLL01$h0934
=CAT  \\$aBATCH-UPD$b00$c20170509$lBLL01$h0939
=CAT  \\$aW2003-0365$c20200305$lBLL01$h1101
=FIN  \\$aY$d20170509
=SID  \\$aZ30$bOCLC
=SRC  \\$aJapanKnowledge_2017$bJK_OCLC20170203.mrc
=LAS  \\$aW2003-0365$b00$c20200305$lBLL01$h1101

