=LDR  02295 am a22005894i 4500
=001  018338190
=003  Uk
=005  20170106043035.0
=006  m\\\\\o\\d\\\\\\\\
=007  cr\|||||||||||
=008  160115s2008\\\\ja\\\\\\ob\\\\000\0\jpn\d
=FMT  \\$a  BK
=020  \\$z9784560509319
=020  \\$z456050931X
=035  \\$a(OCoLC)934799010
=040  \\$aWTU$beng$cYUS$dOCLCO$dYUS$dOCLCO$dOCLCF$dUk$erda$epn
=100  10$aAssoun, Paul-Laurent,$d1948-$eauthor.
=240  10$aFétichisme.$lJapanese
=245  10$6880-01$aFetishizumu /$cPōru Roran Asun cho ; Nishio Akihiro, Moriya Terumi yaku.
=264  \1$6880-02$aTōkyō :$bHakusuisha,$c2008.
=300  \\$a1 online resource.
=336  \\$atext$btxt$2rdacontent
=337  \\$acomputer$bc$2rdamedia
=338  \\$aonline resource$bcr$2rdacarrier
=490  1\$6880-03$aBunko kuseju ;$v931
=504  \\$aIncludes bibliographical references.
=588  \\$aDescription based on print version.
=650  \0$aFetishism (Sexual behavior)
=650  \0$aPsychoanalysis.
=650  \7$aFetishism (Sexual behavior)$2fast$0(OCoLC)fst00923420
=650  \7$aPsychoanalysis.$2fast$0(OCoLC)fst01081235
=700  1\$6880-04$aNishio, Akihiro,$etranslator.
=700  1\$6880-05$aMoriya, Terumi,$etranslator.
=700  1\$iTranslation of:$aAssoun, Paul-Laurent,$d1948-$tLe fétichisme.
=773  0\$tJapanKnowledge
=776  08$iPrint version:$tFetishizumu.
=830  \0$6880-06$aBunko kuseju$v931.
=856  40$3JapanKnowledge$uhttp://japanknowledge.com/lib/display/?lid=8021009310000$yJapanKnowledge Lib
=880  10$6245-01$aフェティシズム /$cポール=ロラン・アスン著 ; 西尾彰泰, 守谷てるみ訳.
=880  \1$6264-02$a東京 :$b白水社,$c2008.
=880  1\$6490-03$a文庫クセジュ ;$v931
=880  1\$6700-04$a西尾彰泰,$etranslator.
=880  1\$6700-05$a守谷てるみ,$etranslator.
=880  \0$6830-06$a文庫クセジュ ;$v931.
=859  \\$aORR$bJapanKnowledge
=CAT  \\$aW1704-1242$b00$c20170509$lBLL01$h0927
=CAT  \\$aBATCH-UPD$b00$c20170509$lBLL01$h0934
=CAT  \\$aW2003-0365$c20200305$lBLL01$h1101
=FIN  \\$aY$d20170509
=SID  \\$aZ30$bOCLC
=SRC  \\$aJapanKnowledge_2017$bJK_OCLC20170203.mrc
=LAS  \\$aW2003-0365$b00$c20200305$lBLL01$h1101

