=LDR  03332 am a22007577a 4500
=001  018338191
=003  Uk
=005  20170106043035.0
=006  m\\\\\o\\d\\\\\\\\
=007  cr\un|||||||||
=008  120329m19981999ja\a\\\\ob\\\\000\0\jpn\d
=FMT  \\$a  BK
=020  \\$a4582806511$q(v. 3)
=020  \\$a9784582806519$q(v. 3)
=020  \\$z4582806457
=020  \\$z9784582806458
=020  \\$z458280649X$q(v. 2)
=020  \\$z9784582806496$q(v. 2)
=035  \\$a(OCoLC)781975768
=040  \\$aCUS$beng$cCUS$dCUS$dOCLCO$dOCLCQ$dOCLCF$dOCLCO$dOCLCA$dYUS$dOCLCO$dYUS$dOCLCQ$dOCLCO$dYUS$dOCL$dOCLCQ$dOCLCO$dYUS$dOCLCO$dUk
=041  1\$ajpn$achi
=050  14$aPL2677.L53$bR519 1998
=245  00$6880-01$aRi Ga kashihen /$cHarada Ken'yū yakuchū.
=250  \\$6880-02$aShohan.
=260  \\$6880-03$aTōkyō :$bHeibonsha,$c1998-1999.
=300  \\$a1 online resource (3 volumes) :$billustrations.
=336  \\$atext$btxt$2rdacontent
=337  \\$acomputer$bc$2rdamedia
=338  \\$aonline resource$bcr$2rdacarrier
=490  1\$6880-04$aTōyō bunko ;$v645, 649, 651
=504  \\$aIncludes bibliographical references (v. 3, pages 394-407).
=505  0\$6880-05$a1. So Shōshō no uta -- 2. Dokugin renku -- 3. Hokuchūkan.
=588  0\$aPrint version record.
=600  10$6880-06$aLi, He,$d790-816$xCriticism and interpretation.
=600  17$aLi, He,$d790-816$2fast$0(OCoLC)fst00094256
=648  \7$a618-907$2fast
=650  \0$aChinese poetry$yTang dynasty, 618-907$xHistory and criticism.
=650  \7$aChinese poetry.$2fast$0(OCoLC)fst00857672
=650  \7$aTang Dynasty (China)$2fast$0(OCoLC)fst01696781
=655  \7$aCriticism, interpretation, etc.$2fast$0(OCoLC)fst01411635
=700  1\$6880-07$aHarada, Ken'yū,$d1919-
=700  1\$6880-08.$aLi, He,$d790-816$tPoems.$kSelections.$lJapanese.
=773  0\$tJapanKnowledge
=776  08$iPrint version:$tRi Ga kashihen.$dTōkyō : Heibonsha, 1998-$z4582806457
=830  \0$6880-09$aTōyō bunko$v645, 649, 651.
=856  40$3JapanKnowledge Volume 3$uhttp://japanknowledge.com/lib/display/?lid=80010V0651P0002$yJapanKnowledge Lib
=856  40$3JapanKnowledge Volume 1$uhttp://japanknowledge.com/lib/display/?lid=80010V0645P0002$yJapanKnowledge Lib
=856  40$3JapanKnowledge Volume 2$uhttp://japanknowledge.com/lib/display/?lid=80010V0649P0002$yJapanKnowledge Lib
=880  00$6245-01/{dollar}1$a李賀歌詩編 /$c原田憲雄訳注.
=880  \\$6250-02/{dollar}1$a初版.
=880  \\$6260-03/{dollar}1$a東京 :$b平凡社,$c1998-1999.
=880  1\$6490-04/{dollar}1$a東洋文庫 ;$v645, 649, 651
=880  0\$6505-05/{dollar}1$a1. 蘇小小の歌 -- 2. 独吟聯句 -- 3. 北中寒.
=880  14$6600-06/{dollar}1$a李賀,$d790-816$xCriticism and interpretation.
=880  1\$6700-07/{dollar}1$a原田憲雄,$d1919-
=880  1\$6700-08/{dollar}1$a李賀,$d790-816.$tPoems.$kSelections.$lJapanese.
=880  \0$6830-09/{dollar}1$a東洋文庫 ;$v645, 649, 651.
=859  \\$aORR$bJapanKnowledge
=CAT  \\$aW1704-1242$b00$c20170509$lBLL01$h0927
=CAT  \\$aBATCH-UPD$b00$c20170509$lBLL01$h0934
=CAT  \\$aBATCH-UPD$b00$c20170509$lBLL01$h0939
=CAT  \\$aW2003-0365$c20200305$lBLL01$h1101
=FIN  \\$aY$d20170509
=SID  \\$aZ30$bOCLC
=SRC  \\$aJapanKnowledge_2017$bJK_OCLC20170203.mrc
=LAS  \\$aW2003-0365$b00$c20200305$lBLL01$h1101

