=LDR  03929 am a22008174i 4500
=001  018338192
=003  Uk
=005  20170106043036.0
=006  m\\\\\o\\d\\\\\\\\
=007  cr\|||||||||||
=008  151112s2000\\\\ja\a\\\\ob\\\\000\0\jpn\d
=FMT  \\$a  BK
=020  \\$z4096580821
=020  \\$z9784096580820
=035  \\$a(OCoLC)928950331
=040  \\$aYUS$beng$cYUS$dOCLCO$dYUS$dOCLCO$dOCL$dYUS$dOCLCO$dUk$erda$epn
=050  \4$aPL742.35$b.K56 2000
=245  00$6880-01$aKinsei zuisōshū :$bTeitokuō no ki, Murasaki no hitomoto, Ashiwake obune, Shiriugoto /$ckōchū yaku Suzuki Jun, Odaka Michiko.
=264  \1$6880-02$aTōkyō :$bShōgakkan,$c2000.
=300  \\$a1 online resource.
=336  \\$atext$btxt$2rdacontent
=337  \\$acomputer$bc$2rdamedia
=338  \\$aonline resource$bcr$2rdacarrier
=490  1\$6880-03$aShinpen Nihon koten bungaku zenshū ;$v82
=504  \\$aIncludes bibliographical references.
=505  0\$6880-04$aTeitokuō no ki / [Matsuga Teitoku cho] ; Odaka MIchiko kōchū, yaku -- Murasaki no hitomoto / [Toda Mosui cho] ; Suzuki Jun kōchū, yaku -- Ashiwake obune /[Motoori Norinaga cho] ; Zuzuki Jun kōchū, yaku -- Shiriugoto / [Shōsetsuka Shujin cho] ; Odaka Michiko kōchū, yaku.
=588  \\$aDescription based on print version.
=648  \7$a1600-1868$2fast
=650  \0$aJapanese essays$yEdo period, 1600-1868.
=650  \0$aJapanese poetry$yEdo period, 1600-1868.
=650  \7$aJapanese essays$xEdo period.$2fast$0(OCoLC)fst01711077
=650  \7$aJapanese poetry$xEdo period.$2fast$0(OCoLC)fst01710989
=700  02$6880-05$aShōsetsuka Shujin.$tShiriugoto.
=700  1\$6880-06$aMatsuga, Teitoku,$d1571-1653.
=700  1\$6880-07$aSuzuki, Jun,$d1947-
=700  1\$6880-08$aOdaka, Michiko,$d1952-
=700  12$6880-09.$aToda, Mosui,$d1629-1706$tMurasaki no hitomoto.
=700  12$6880-10.$aMotoori, Norinaga,$d1730-1801$tAshiwake obune.
=740  02$6880-11$aTeitokuō no ki.
=740  02$6880-12$aMurasaki no hitomoto.
=740  02$6880-13$aAshiwake obune.
=740  02$6880-14$aShiriugoto.
=773  0\$tJapanKnowledge
=776  08$iPrint version:$tKinsei zuisōshū
=830  \0$6880-15$aShinpen Nihon koten bungaku zenshū$v82.
=856  40$3JapanKnowledge$uhttp://japanknowledge.com/lib/display/?lid=80110V00820001$yJapanKnowledge Lib
=880  00$6245-01/{dollar}1$a近世随想集 :$b貞徳翁の記, 紫の一本, 排蘆小船, しりうごと /$c校注・訳 鈴木淳, 小高道子.
=880  \1$6264-02/{dollar}1$a東京 :$b小学館,$c2000.
=880  1\$6490-03/{dollar}1$a新編日本古典文学全集 ;$v82
=880  0\$6505-04/{dollar}1$a貞徳翁の記 /[松永貞徳著]; 小高道子校注・訳 -- 紫の一本 /[戶田茂睡著]; 鈴木淳校注・訳 -- 排蘆小船 /[本居宣長著] ; 鈴木淳校注・訳 -- しりうごと /[小說家主人著]; 小高道子校注・訳.
=880  02$6700-05/{dollar}1$a小說家主人.$tしりうごと.
=880  1\$6700-06/{dollar}1$a松永貞徳,$d1571-1653.
=880  1\$6700-07/{dollar}1$a鈴木淳,$d1947-
=880  1\$6700-08/{dollar}1$a小高道子,$d1952-
=880  12$6700-09/{dollar}1$a戶田茂睡,$d1629-1706.$t紫の一本.
=880  12$6700-10/{dollar}1$a本居宣長,$d1730-1801.$t排蘆小船.
=880  02$6740-11/{dollar}1$a貞徳翁の記.
=880  02$6740-12/{dollar}1$a紫の一本.
=880  02$6740-13/{dollar}1$a排蘆小船.
=880  02$6740-14/{dollar}1$aしりうごと.
=880  \0$6830-15/{dollar}1$a新編日本古典文学全集 ;$v82.
=859  \\$aORR$bJapanKnowledge
=CAT  \\$aW1704-1242$b00$c20170509$lBLL01$h0927
=CAT  \\$aBATCH-UPD$b00$c20170509$lBLL01$h0934
=CAT  \\$aBATCH-UPD$b00$c20180815$lBLL01$h1551
=CAT  \\$aW2003-0365$c20200305$lBLL01$h1101
=CAT  \\$aBATCH-UPD$b00$c20200918$lBLL01$h2045
=FIN  \\$aY$d20170509
=SID  \\$aZ30$bOCLC
=SRC  \\$aJapanKnowledge_2017$bJK_OCLC20170203.mrc
=LAS  \\$aBATCH-UPD$b00$c20200918$lBLL01$h2045

