=LDR  02168 am a22005657a 4500
=001  018338193
=003  Uk
=005  20170106043036.0
=006  m\\\\\o\\d\\\\\\\\
=007  cr\un|||||||||
=008  090109s1992\\\\ja\\\\\\ob\\\\001\0\jpn\d
=FMT  \\$a  BK
=035  \\$a(OCoLC)297873509
=040  \\$aOCLCE$beng$cOCLCE$dOCLCQ$dCUS$dOCLCQ$dOCLCF$dOCLCQ$dYUS$dOCLCO$dYUS$dOCLCO$dOCLCQ$dYUS$dOCLCO$dUk$epn
=050  \4$aPL797.6$bA17 1992
=100  0\$6880-01$aRyōkan,$d1758-1831
=245  10$6880-02$aRyōkan kashū /$cYoshino Hideo kōchū.
=250  \\$6880-03$aShohan.
=260  \\$6880-04$aTōkyō :$bHeibonsha,$c1992.
=300  \\$a1 online resource (333 pages).
=336  \\$atext$btxt$2rdacontent
=337  \\$acomputer$bc$2rdamedia
=338  \\$aonline resource$bcr$2rdacarrier
=490  1\$6880-05$aTōyō bunko ;$v556
=500  \\$aPoems.
=504  \\$aIncludes bibliographical references and index.
=588  0\$aPrint version record.
=650  \0$aJapanese poetry.
=650  \7$aJapanese poetry.$2fast$0(OCoLC)fst00981898
=700  1\$6880-06$aYoshino, Hideo,$d1902-1967
=773  0\$tJapanKnowledge
=776  08$iPrint version:$aRyōkan, 1758-1831.$tRyōkan kashū.$dTōkyō : Heibonsha, 1992$z4582805566$z9784582805567
=830  \0$6880-07$aTōyō bunko$v556.
=856  40$3JapanKnowledge$uhttp://japanknowledge.com/lib/display/?lid=80010V0556P0002$yJapanKnowledge Lib
=880  0\$6100-01/{dollar}1$a良寬,$d1758-1831.
=880  10$6245-02/{dollar}1$a良寬歌集 /$c吉野秀雄校注.
=880  \\$6250-03/{dollar}1$a初版.
=880  \\$6260-04/{dollar}1$a東京 :$b平凡社,$c1992.
=880  1\$6490-05/{dollar}1$a東洋文庫 ;$v556
=880  1\$6700-06/{dollar}1$a吉野秀雄,$d1902-1967.
=880  \0$6830-07/{dollar}1$a東洋文庫 ;$v556.
=859  \\$aORR$bJapanKnowledge
=CAT  \\$aW1704-1242$b00$c20170509$lBLL01$h0927
=CAT  \\$aBATCH-UPD$b00$c20170509$lBLL01$h0934
=CAT  \\$aBATCH-UPD$b00$c20170509$lBLL01$h0939
=CAT  \\$aW2003-0365$c20200305$lBLL01$h1101
=FIN  \\$aY$d20170509
=SID  \\$aZ30$bOCLC
=SRC  \\$aJapanKnowledge_2017$bJK_OCLC20170203.mrc
=LAS  \\$aW2003-0365$b00$c20200305$lBLL01$h1101

