=LDR  02378 am a22006137a 4500
=001  018338194
=003  Uk
=005  20170106043036.0
=006  m\\\\\o\\d\\\\\\\\
=007  cr\un|||||||||
=008  120329s1996\\\\ja\a\\\\o\\\\\000\0\jpn\d
=FMT  \\$a  BK
=020  \\$z458280599X
=020  \\$z9784582805994
=035  \\$a(OCoLC)781969285
=040  \\$aCUS$beng$cCUS$dOCLCQ$dOCLCA$dOCLCQ$dOCLCO$dOCLCQ$dOCLCO$dOCLCF$dYUS$dOCLCO$dYUS$dOCLCO$dOCLCQ$dYUS$dOCLCO$dUk
=041  1\$ajpn$hchi
=050  \4$aB128.B8$bM6 1996
=100  1\$6880-01$aMo, Di,$dactive 400 B.C.
=240  10$6880-02$aMozi.$lJapanese
=245  10$6880-03$aBokushi /$cYabuuchi Kiyoshi yakuchū.
=250  \\$6880-04$aShohan.
=260  \\$6880-05$aTōkyō :$bHeibonsha,$c1996.
=300  \\$a1 online resource (394 pages) :$billustrations.
=336  \\$atext$btxt$2rdacontent
=337  \\$acomputer$bc$2rdamedia
=338  \\$aonline resource$bcr$2rdacarrier
=490  1\$6880-06$aTōyō bunko ;$v599
=500  \\$aOriginally published in 1967 as part of "Kanpishi. Bokushi."
=588  0\$aPrint version record.
=600  10$6880-07.$aMo, Di,$dactive 400 B.C.$tMozi.
=630  07$aMozi (Mo, Di)$2fast$0(OCoLC)fst01363266
=700  1\$6880-08$aYabuuchi, Kiyoshi,$d1906-2000
=773  0\$tJapanKnowledge
=776  08$iPrint version:$aMo, Di, active 400 B.C.$sMozi. Japanese.$tBokushi.$bShohan.$dTōkyō : Heibonsha, 1996$z458280599X
=830  \0$6880-09$aTōyō bunko$v599.
=856  40$3JapanKnowledge$uhttp://japanknowledge.com/lib/display/?lid=80010V0599P0002$yJapanKnowledge Lib
=880  1\$6100-01/{dollar}1$a墨翟,$dactive 400 B.C.
=880  10$6240-02/{dollar}1$a墨子.$lJapanese
=880  10$6245-03/{dollar}1$a墨子 /$c藪內清訳注.
=880  \\$6250-04/{dollar}1$a初版.
=880  \\$6260-05/{dollar}1$a東京 :$b平凡社,$c1996.
=880  1\$6490-06/{dollar}1$a東洋文庫 ;$v599
=880  14$6600-07/{dollar}1$a墨翟,$dactive 400 B.C.$t墨子.
=880  1\$6700-08/{dollar}1$a藪內清,$d1906-2000.
=880  \0$6830-09/{dollar}1$a東洋文庫 ;$v599.
=859  \\$aORR$bJapanKnowledge
=CAT  \\$aW1704-1242$b00$c20170509$lBLL01$h0927
=CAT  \\$aBATCH-UPD$b00$c20170509$lBLL01$h0934
=CAT  \\$aW2003-0365$c20200305$lBLL01$h1101
=FIN  \\$aY$d20170509
=SID  \\$aZ30$bOCLC
=SRC  \\$aJapanKnowledge_2017$bJK_OCLC20170203.mrc
=LAS  \\$aW2003-0365$b00$c20200305$lBLL01$h1101

