=LDR  02514 am a22006494i 4500
=001  018338195
=003  Uk
=005  20170106043037.0
=006  m\\\\\o\\d\\\\\\\\
=007  cr\|||||||||||
=008  151214s1999\\\\ja\\\\\\o\\\\\000\0\jpn\d
=FMT  \\$a  BK
=020  \\$z4560058199
=020  \\$z9784560058190
=035  \\$a(OCoLC)932130255
=040  \\$aCNEAL$beng$cYUS$dOCLCO$dOCLCF$dOCLCO$dOCL$dUk$erda$epn
=041  1\$ajpn$hfre
=043  \\$ae-fr---
=050  \4$aD802.F82$bA583165 1999
=100  1\$aRigoulot, Pierre,$eauthor.
=240  10$aL'Alsace-Lorraine pendant la guerre 1939-1945.$lJapanese
=245  10$6880-01$aSenjika no Aruzasu Rorēnu /$cPiēru Riguro cho ; Ukyō Raizō yaku.
=264  \1$6880-02$aTōkyō :$bHakusuisha,$c1999.
=300  \\$a1 online resource.
=336  \\$atext$btxt$2rdacontent
=337  \\$acomputer$bc$2rdamedia
=338  \\$aonline resource$bcr$2rdacarrier
=490  1\$6880-03$aBunko kuseju ;$v819
=500  \\$aTranslation of: L'Alsace-Lorraine pendant la guerre 1939-1945.
=588  \\$aDescription based on print version.
=611  27$aWorld War (1939-1945)$2fast$0(OCoLC)fst01180924
=648  \7$a1939-1945$2fast
=650  \0$aWorld War, 1939-1945$zFrance$zAlsace.
=650  \0$aWorld War, 1939-1945$zFrance$zLorraine.
=651  \0$aAlsace (France)$xHistory.
=651  \0$aLorraine (France)$xHistory.
=651  \7$aFrance$zAlsace.$2fast$0(OCoLC)fst01211525
=651  \7$aFrance$zLorraine.$2fast$0(OCoLC)fst01216150
=655  \7$aHistory.$2fast$0(OCoLC)fst01411628
=700  1\$6880-04$aUkyō, Raizō,$d1945-
=773  0\$tJapanKnowledge
=776  08$iPrint version:$tSenjika no aruzasu rorēnu.
=830  \0$6880-05$aBunko kuseju$v819.
=856  40$3JapanKnowledge$uhttp://japanknowledge.com/lib/display/?lid=8021008190000$yJapanKnowledge Lib
=880  10$6245-01/{dollar}1$a戦時下のアルザス・ロレーヌ /$cピエール・リグロ著 ; 宇京頼三訳.
=880  \1$6264-02/{dollar}1$a東京 :$b白水社,$c1999.
=880  1\$6490-03/{dollar}1$a文庫クセジュ ;$v819
=880  1\$6700-04/{dollar}1$a宇京頼三,$d1945-
=880  \0$6830-05/{dollar}1$a文庫クセジュ ;$v819.
=859  \\$aORR$bJapanKnowledge
=CAT  \\$aW1704-1242$b00$c20170509$lBLL01$h0927
=CAT  \\$aBATCH-UPD$b00$c20170509$lBLL01$h0934
=CAT  \\$aW2003-0365$c20200305$lBLL01$h1101
=FIN  \\$aY$d20170509
=SID  \\$aZ30$bOCLC
=SRC  \\$aJapanKnowledge_2017$bJK_OCLC20170203.mrc
=LAS  \\$aW2003-0365$b00$c20200305$lBLL01$h1101

