=LDR  02602 am a22006377a 4500
=001  018338196
=003  Uk
=005  20170106043037.0
=006  m\\\\\o\\d\\\\\\\\
=007  cr\|||||||||||
=008  100315s1972\\\\ja\a\\\\ob\\\\000\0\jpn\d
=FMT  \\$a  BK
=019  \\$a297987909
=035  \\$a(OCoLC)556502326$z(OCoLC)297987909
=040  \\$aOCLCE$beng$cOCLCE$dOCLCQ$dCUS$dOCLCQ$dOCLCF$dOCLCQ$dYUS$dOCLCO$dYUS$dOCLCO$dOCL$dOCLCQ$dYUS$dOCLCO$dUk$epn
=042  \\$adlr
=043  \\$aa-ja---
=050  \4$aPL799.N44$bM56 1972
=100  1\$6880-01$aNegishi, Yasumori,$d1737-1815
=245  10$6880-02$aMimibukuro /$cNegishi Yasumori cho ; Suzuki Tōzō henchū.
=250  \\$6880-03$aShohan.
=260  \\$6880-04$aTōkyō :$bHeibonsha,$cShōwa 47 [1972]
=300  \\$6880-05$a1 online resource (2 volumes).
=336  \\$atext$btxt$2rdacontent
=337  \\$acomputer$bc$2rdamedia
=338  \\$aonline resource$bcr$2rdacarrier
=490  1\$6880-06$aTōyō bunko ;$v207-208
=504  \\$aIncludes bibliographical references.
=588  0\$aPrint version record.
=648  \7$a1600-1868$2fast
=651  \0$aJapan$xHistory$yTokugawa period, 1600-1868.
=651  \7$aJapan.$2fast$0(OCoLC)fst01204082
=655  \7$aHistory.$2fast$0(OCoLC)fst01411628
=700  1\$6880-07$aSuzuki, Tōzō,$d1911-1992
=773  0\$tJapanKnowledge
=776  08$iPrint version:$aNegishi, Yasumori, 1737-1815.$tMimibukuro.$bShohan.$dTōkyō : Heibonsha, Shōwa 47 [1972]
=830  \0$6880-08$aTōyō bunko$v207-208.
=856  40$3JapanKnowledge Volume 1$uhttp://japanknowledge.com/lib/display/?lid=80010V0207P0002$yJapanKnowledge Lib
=856  40$3JapanKnowledge Volume 2$uhttp://japanknowledge.com/lib/display/?lid=80010V0208P0002$yJapanKnowledge Lib
=880  1\$6100-01/{dollar}1$a根岸鎮衛,$d1737-1815.
=880  10$6245-02/{dollar}1$a耳袋 /$c根岸鎮衛著 ; 鈴木棠三編注.
=880  \\$6250-03/{dollar}1$a初版.
=880  \\$6260-04/{dollar}1$a東京 :$b平凡社,$c昭和47 [1972]
=880  \\$6300-05/{dollar}1$a1 online resource (2冊.
=880  1\$6490-06/{dollar}1$a東洋文庫 ;$v207-208
=880  1\$6700-07/{dollar}1$a鈴木棠三,$d1911-1992.
=880  \0$6830-08/{dollar}1$a東洋文庫 ;$v207-208.
=859  \\$aORR$bJapanKnowledge
=CAT  \\$aW1704-1242$b00$c20170509$lBLL01$h0927
=CAT  \\$aBATCH-UPD$b00$c20170509$lBLL01$h0934
=CAT  \\$aBATCH-UPD$b00$c20170509$lBLL01$h0939
=CAT  \\$aW2003-0365$c20200305$lBLL01$h1101
=FIN  \\$aY$d20170509
=SID  \\$aZ30$bOCLC
=SRC  \\$aJapanKnowledge_2017$bJK_OCLC20170203.mrc
=LAS  \\$aW2003-0365$b00$c20200305$lBLL01$h1101

