=LDR  02759 am a2200637 a 4500
=001  018338197
=003  Uk
=005  20170106043037.0
=006  m\\\\\o\\d\\\\\\\\
=007  cr\un|||||||||
=008  120209s1981\\\\ja\acf\\ob\\\\000\0\jpn\\
=FMT  \\$a  BK
=035  \\$a(OCoLC)775688644
=040  \\$aCUS$beng$cCUS$dOCLCQ$dOCLCA$dOCLCF$dOCLCO$dYUS$dOCLCO$dOCLCQ$dYUS$dOCLCO$dOCLCQ$dYUS$dOCLCO$dUk
=041  1\$ajpn$hger
=043  \\$aa-ja---
=050  \4$aDS809$b.S5316 1981
=100  1\$aSiebold, Alexander,$cFreiherr von,$d1846-1911.
=240  10$aPh. Fr. von Siebold's letzte Reise nach Japan.$lJapanese
=245  10$6880-01$aJīboruto saigo no Nippon ryokō /$cA. Jīboruto ; Saitō Makoto yaku.
=246  3\$aJīboruto saigo no Nihon ryokō
=250  \\$6880-02$aShohan.
=260  \\$6880-03$aTōkyō :$bHeibonsha,$c1981.
=300  \\$a1 online resource (vii, 210, 16 pages, [1] leaf of plates) :$billustrations, portraits.
=336  \\$atext$btxt$2rdacontent
=337  \\$acomputer$bc$2rdamedia
=338  \\$aonline resource$bcr$2rdacarrier
=490  1\$6880-04$aTōyō bunko ;$v398
=500  \\$aTranslation of: Ph. Fr. von Siebold's Letzte Reise nach Japan.
=504  \\$aIncludes bibliographical references (page 210).
=588  0\$aPrint version record.
=600  10$aSiebold, Philipp Franz von,$d1796-1866.
=600  17$aSiebold, Philipp Franz von,$d1796-1866$2fast$0(OCoLC)fst00018550
=650  \7$aTravel.$2fast$0(OCoLC)fst01155558
=651  \0$aJapan$xDescription and travel.
=651  \7$aJapan.$2fast$0(OCoLC)fst01204082
=700  1\$6880-05$aSaitō, Makoto,$d1911-2008
=773  0\$tJapanKnowledge
=776  08$iPrint version:$aSiebold, Alexander, Freiherr von, 1846-1911.$sPh. Fr. von Siebold's letzte Reise nach Japan. Japanese.$tJīboruto saigo no Nippon ryokō.$dTōkyō : Heibonsha, 1981
=830  \0$6880-06$aTōyō bunko$v398.
=856  40$3JapanKnowledge$uhttp://japanknowledge.com/lib/display/?lid=80010V0398P0002$yJapanKnowledge Lib
=880  10$6245-01/{dollar}1$aジーボルト最後の日本旅行 /$cA. ジーボルト ; 斎藤信訳.
=880  3\$6246-00/{dollar}1$aジボルト最後の日本旅行
=880  \\$6250-02/{dollar}1$a初版.
=880  \\$6260-03/{dollar}1$a東京 :$b平凡社,$c1981.
=880  1\$6490-04/{dollar}1$a東洋文庫 ;$v398
=880  1\$6700-05/{dollar}1$a斎藤信,$d1911-2008.
=880  \0$6830-06/{dollar}1$a東洋文庫 ;$v398.
=859  \\$aORR$bJapanKnowledge
=CAT  \\$aW1704-1242$b00$c20170509$lBLL01$h0927
=CAT  \\$aBATCH-UPD$b00$c20170509$lBLL01$h0934
=CAT  \\$aW2003-0365$c20200305$lBLL01$h1101
=FIN  \\$aY$d20170509
=SID  \\$aZ30$bOCLC
=SRC  \\$aJapanKnowledge_2017$bJK_OCLC20170203.mrc
=LAS  \\$aW2003-0365$b00$c20200305$lBLL01$h1101

