=LDR  03056 am a22007457a 4500
=001  018338198
=003  Uk
=005  20170106043038.0
=006  m\\\\\o\\d\\\\\\\\
=007  cr\|||||||||||
=008  100702s1985\\\\ja\af\\\ob\\\\001\0\jpn\d
=FMT  \\$a  BK
=019  \\$a300541142
=020  \\$z4582804454
=020  \\$z9784582804454
=035  \\$a(OCoLC)645770033$z(OCoLC)300541142
=040  \\$aOCLCE$beng$cOCLCE$dCUS$dOCLCO$dOCLCQ$dOCLCF$dYUS$dOCLCO$dYUS$dOCLCO$dOCL$dOCLCQ$dYUS$dOCLCO$dUk$epn
=041  1\$ajpn$hchi
=042  \\$adlr
=043  \\$aa-cc---$ae-ur---$aa------
=050  \4$aDS754.18$b.T8516 1985
=100  0\$aTulišen,$d1667-1741.
=240  10$6880-01$aYi yu lu.$lJapanese
=245  10$6880-02$aIikiroku :$bShinchō shisetsu no Roshia ryokō hōkoku /$cTurishen ; Imanishi Shunjū yakuchū ; Haneda Akira hen'yaku.
=250  \\$6880-03$aShohan.
=260  \\$6880-04$aTōkyō :$bHeibonsha,$c1985.
=300  \\$a1 online resource (xxi, 238, 13, 16 pages, [1] leaf of plates) :$billustrations.
=336  \\$atext$btxt$2rdacontent
=337  \\$acomputer$bc$2rdamedia
=338  \\$aonline resource$bcr$2rdacarrier
=490  1\$6880-05$aTōyō bunko ;$v445
=504  \\$aIncludes bibliographical references and indexes.
=588  0\$aPrint version record.
=600  00$aTulišen,$d1667-1741$xTravel.
=600  07$aTulišen,$d1667-1741$2fast$0(OCoLC)fst00209205
=648  \7$a1644-1912$2fast
=650  \7$aDiplomatic relations.$2fast$0(OCoLC)fst01907412
=650  \7$aTravel.$2fast$0(OCoLC)fst01155558
=651  \0$aAsia$xDescription and travel.
=651  \0$aChina$xForeign relations$y1644-1912.
=651  \0$aSoviet Union$xDescription and travel.
=651  \7$aAsia.$2fast$0(OCoLC)fst01240495
=651  \7$aChina.$2fast$0(OCoLC)fst01206073
=651  \7$aSoviet Union.$2fast$0(OCoLC)fst01210281
=700  1\$6880-06$aImanishi, Shunjū,$d1907-
=773  0\$tJapanKnowledge
=776  08$iPrint version:$aTulišen, 1667-1741.$sYi yu lu. Japanese.$tIikiroku.$bShohan.$dTōkyō : Heibonsha, 1985$z4582804454
=830  \0$6880-07$aTōyō bunko$v445.
=856  40$3JapanKnowledge$uhttp://japanknowledge.com/lib/display/?lid=80010V0445P0002$yJapanKnowledge Lib
=880  10$6240-01/{dollar}1$a異域錄.$lJapanese
=880  10$6245-02/{dollar}1$a異域錄 :$b清朝使節のロシア旅行報告 /$cトゥリシェン ; 今西春秋訳注 ; 羽田明編訳.
=880  \\$6250-03/{dollar}1$a初版.
=880  \\$6260-04/{dollar}1$a東京 :$b平凡社,$c1985.
=880  1\$6490-05/{dollar}1$a東洋文庫 ;$v445
=880  1\$6700-06/{dollar}1$a今西春秋,$d1907-
=880  \0$6830-07/{dollar}1$a東洋文庫 ;$v445.
=859  \\$aORR$bJapanKnowledge
=CAT  \\$aW1704-1242$b00$c20170509$lBLL01$h0927
=CAT  \\$aBATCH-UPD$b00$c20170509$lBLL01$h0934
=CAT  \\$aBATCH-UPD$b00$c20170509$lBLL01$h0939
=CAT  \\$aW2003-0365$c20200305$lBLL01$h1101
=FIN  \\$aY$d20170509
=SID  \\$aZ30$bOCLC
=SRC  \\$aJapanKnowledge_2017$bJK_OCLC20170203.mrc
=LAS  \\$aW2003-0365$b00$c20200305$lBLL01$h1101

