=LDR  02297cam a22006014i 4500
=001  018338199
=003  Uk
=005  20230223163554.0
=006  m\\\\\o\\d\\\\\\\\
=007  cr\|||||||||||
=008  151102s2005\\\\enk\\\\\\d\\\\000\0\eng\\
=FMT  \\$a  BK
=010  \\$a2005282417
=019  \\$a887373399
=020  \\$z9780521843799
=020  \\$a0521843790$q(hardback + CD ROM)
=020  \\$a9780521843799$q(hardback + CD ROM)
=020  \\$a0521604990$q(pbk. + CD ROM)
=020  \\$a9780521604994$q(pbk. + CD ROM)
=035  \\$a(OCoLC)927346635$z(OCoLC)887373399
=040  \\$aYUS$beng$cYUS$dVT2$dOCLCF$dREB$dYUS$dOCLCO$dOCLCQ$dUk$erda$epn
=050  00$aPE1628
=245  00$aCambridge advanced learner's dictionary.
=246  3\$6880-01$aCambridge Ei-Ei jiten
=250  \\$a2nd ed.
=260  \\$aCambridge ;$aNew York :$bCambridge University Press,$c2005.
=300  \\$a1 online resource
=336  \\$atext$btxt$2rdacontent
=337  \\$acomputer$bc$2rdamedia
=338  \\$aonline resource$bcr$2rdacarrier
=588  0\$aPrint version.
=650  \0$aEnglish language$vDictionaries.
=650  \0$aEnglish language$vTextbooks for foreign speakers.
=650  \7$aEnglish language.$2fast$0(OCoLC)fst00910920
=655  \7$aDictionaries.$2fast$0(OCoLC)fst01423826
=655  \7$aReference works.$2fast$0(OCoLC)fst01919963
=655  \7$aTextbooks.$2fast$0(OCoLC)fst01423863
=710  2\$aCambridge University Press.
=730  0\$aCambridge international dictionary of English.
=773  0\$tJapanKnowledge
=776  08$iPrint version:$tCambridge advanced learner's dictionary.$b2nd ed.$dCambridge ; New York : Cambridge University Press, 2005$z0521843782
=856  40$3JapanKnowledge$uhttp://japanknowledge.com/lib/search/basic/?cids=40070$yJapanKnowledge Lib
=880  3\$6246-01/{dollar}1$aCambridge英英辞典
=859  \\$aORR$bJapanKnowledge
=985  \\$aUpdated by MS generated file for WR2302-017
=CAT  \\$aW1704-1242$b00$c20170509$lBLL01$h0927
=CAT  \\$aBATCH-UPD$b00$c20170509$lBLL01$h0934
=CAT  \\$aW2003-0365$c20200305$lBLL01$h1101
=CAT  \\$aW2302-0174$c20230223$lBLL01$h2014
=FIN  \\$aY$d20170509
=SID  \\$aZ30$bOCLC
=SRC  \\$aJapanKnowledge_2017$bJK_OCLC20170203.mrc
=LAS  \\$aW2302-0174$b00$c20230223$lBLL01$h2014

