=LDR  02885 am a2200697   4500
=001  018338200
=003  Uk
=005  20170106043038.0
=006  m\\\\\o\\d\\\\\\\\
=007  cr\un|||||||||
=008  120131s1970\\\\ja\\\\\\ob\\\\000\0\jpn\\
=FMT  \\$a  BK
=035  \\$a(OCoLC)774621101
=040  \\$aCUS$beng$cCUS$dOCLCQ$dOCLCA$dOCLCQ$dOCLCO$dOCLCQ$dOCLCO$dOCLCQ$dOCLCO$dOCLCF$dOCLCO$dYUS$dOCLCO$dYUS$dOCLCO$dOCLCQ$dYUS$dOCLCO$dUk
=041  1\$ajpn$hchi
=043  \\$aa-cc---
=050  \4$aHD4288$b.H7916
=100  1\$6880-01$aHuan, Kuan,$dactive 1st century B.C.
=240  10$6880-02$aYan tie lun.$lJapanese
=245  10$6880-03$aEntetsuron :$bKandai no keizai ronsō,$cKan Kan cho, Satō Taketoshi yakuchū.
=246  30$6880-04$aKandai no keizai ronsō
=250  \\$6880-05$aShohan.
=260  \\$6880-06$aTōkyō,$bHeibonsha,$cShōwa 45 (1970)
=300  \\$a1 online resource (303 pages).
=336  \\$atext$btxt$2rdacontent
=337  \\$acomputer$bc$2rdamedia
=338  \\$aonline resource$bcr$2rdacarrier
=490  1\$6880-07$aTōyō bunko,$v167
=500  \\$6880-08$aTeihon: Shibusō kanbon.
=504  \\$aIncludes bibliographical references (pages 298-303).
=588  0\$aPrint version record.
=650  \0$aGovernment monopolies$zChina.
=650  \0$aIron industry and trade$zChina.
=650  \0$aSalt industry and trade$zChina.
=650  \7$aGovernment monopolies.$2fast$0(OCoLC)fst00945440
=650  \7$aIron industry and trade.$2fast$0(OCoLC)fst00979219
=650  \7$aSalt industry and trade.$2fast$0(OCoLC)fst01104260
=651  \7$aChina.$2fast$0(OCoLC)fst01206073
=700  1\$6880-09$aSatō, Taketoshi,$d1920-
=773  0\$tJapanKnowledge
=776  08$iPrint version:$aHuan, Kuan, 1st cent. B.C.$sYan tie lun. Japanese.$tEntetsuron.$dTōkyō, Heibonsha, Shōwa 45 (1970)
=830  \0$6880-10$aTōyō bunko$v167.
=856  40$3JapanKnowledge$uhttp://japanknowledge.com/lib/display/?lid=80010V0167P0002$yJapanKnowledge Lib
=880  1\$6100-01/{dollar}1$a桓寬,$dactive 1st century B.C.
=880  10$6240-02/{dollar}1$a塩鉄論.$lJapanese
=880  10$6245-03/{dollar}1$a塩鉄論 :$b漢代の経済論争,$c桓寬著, 佐藤武敏訳注.
=880  30$6246-04/{dollar}1$a漢代の経済論争
=880  \\$6250-05/{dollar}1$a初版.
=880  \\$6260-06/{dollar}1$a東京,$b平凡社,$c昭和45 (1970)
=880  1\$6490-07/{dollar}1$a東洋文庫,$v167
=880  \\$6500-08/{dollar}1$a底本: 四部叢刋本.
=880  1\$6700-09/{dollar}1$a佐藤武敏,$d1920-
=880  \0$6830-10/{dollar}1$a東洋文庫 ;$v167.
=859  \\$aORR$bJapanKnowledge
=CAT  \\$aW1704-1242$b00$c20170509$lBLL01$h0927
=CAT  \\$aBATCH-UPD$b00$c20170509$lBLL01$h0934
=CAT  \\$aW2003-0365$c20200305$lBLL01$h1101
=FIN  \\$aY$d20170509
=SID  \\$aZ30$bOCLC
=SRC  \\$aJapanKnowledge_2017$bJK_OCLC20170203.mrc
=LAS  \\$aW2003-0365$b00$c20200305$lBLL01$h1101

