=LDR  02362 am a22006134i 4500
=001  018338201
=003  Uk
=005  20170106043039.0
=006  m\\\\\o\\d\\\\\\\\
=007  cr\|||||||||||
=008  151117s2004\\\\ja\\\\\\ob\\\\000\0\jpn\d
=FMT  \\$a  BK
=020  \\$z4560058776
=020  \\$z9784560058770
=035  \\$a(OCoLC)929688931
=040  \\$aWTU$beng$cYUS$dOCLCO$dYUS$dOCLCO$dOCLCF$dUk$erda$epn
=041  1\$ajpn$hfre
=100  1\$aLe Rider, Jacques,$eauthor.
=240  10$aMitteleuropa.$lJapanese
=245  10$6880-01$aChūōron :$bteikoku kara EU e /$cJakku Ru Ridē cho ; Taguchi Akira, Itabashi Takumi yaku.
=264  \1$6880-02$aTōkyō :$bHakusuisha,$c2004.
=300  \\$a1 online resource.
=336  \\$atext$btxt$2rdacontent
=337  \\$acomputer$bc$2rdamedia
=338  \\$aonline resource$bcr$2rdacarrier
=490  1\$6880-03$aBunko kuseju ;$v877
=504  \\$aIncludes bibliographical references.
=588  \\$aDescription based on print version.
=650  \0$aPangermanism.
=650  \7$aPangermanism.$2fast$0(OCoLC)fst01052098
=651  \0$aEurope, Central$xHistory.
=651  \7$aEurope, Central.$2fast$0(OCoLC)fst01244544
=655  \7$aHistory.$2fast$0(OCoLC)fst01411628
=700  1\$6880-04$aTaguchi, Akira,$d1944-$etranslator.
=700  1\$6880-05$aItabashi, Takumi,$etranslator.
=700  1\$iTranslation of:$aLe Rider, Jacques.$tLa Mitteleuropa.
=773  0\$tJapanKnowledge
=776  08$iPrint version:$tChuoron.
=830  \0$6880-06$aBunko kuseju$v877.
=856  40$3JapanKnowledge$uhttp://japanknowledge.com/lib/display/?lid=8021008770000$yJapanKnowledge Lib
=880  10$6245-01$a中欧論 :$b帝国から EU へ /$cジャック・ル・リデー著 ; 田口晃, 板橋拓己訳.
=880  \1$6264-02$a東京 :$b白水社,$c2004.
=880  1\$6490-03$a文庫クセジュ ;$v877
=880  1\$6700-04$a田口晃$d1944-$etranslator.
=880  1\$6700-05$a板橋拓己,$etranslator.
=880  \0$6830-06$a文庫クセジュ ;$v877.
=859  \\$aORR$bJapanKnowledge
=CAT  \\$aW1704-1242$b00$c20170509$lBLL01$h0927
=CAT  \\$aBATCH-UPD$b00$c20170509$lBLL01$h0934
=CAT  \\$aW2003-0365$c20200305$lBLL01$h1101
=FIN  \\$aY$d20170509
=SID  \\$aZ30$bOCLC
=SRC  \\$aJapanKnowledge_2017$bJK_OCLC20170203.mrc
=LAS  \\$aW2003-0365$b00$c20200305$lBLL01$h1101

