=LDR  02346 am a22005894i 4500
=001  018338202
=003  Uk
=005  20170106043039.0
=006  m\\\\\o\\d\\\\\\\\
=007  cr\|||||||||||
=008  151113s2004\\\\ja\\\\\\od\\\\000\0\jpn\d
=FMT  \\$a  BK
=020  \\$z4095061413
=020  \\$z9784095061412
=035  \\$a(OCoLC)929030781
=040  \\$aYUS$beng$cYUS$dOCLCO$dYUS$dOCLCO$dUk$erda$epn
=041  0\$ajpn$akor
=245  00$6880-01$aPoketto puroguresshibu Kan-Nichi Nikkan jiten /$cYutani Yukitoshi [and 3 others] hen.
=246  14$aShogakkan pocket progressive Korean dictionary
=246  30$6880-02$aPuroguresshibu Kan-Nichi Nikkan jiten
=246  30$6880-03$aKan-Nichi Nikkan jiten
=246  30$aKorean dictionary
=246  30$aPocket progressive Korean dictionary
=264  \1$6880-04$aTōkyō :$bShōgakkan,$c2004.
=300  \\$a1 online resource
=336  \\$atext$btxt$2rdacontent
=337  \\$acomputer$bc$2rdamedia
=338  \\$aonline resource$bcr$2rdacarrier
=546  \\$aJapanese and Korean.
=588  \\$aDescription based on print version.
=650  \0$aJapanese language$vDictionaries$xKorean.
=650  \0$aKorean language$vDictionaries$xJapanese.
=650  \7$aJapanese language.$2fast$0(OCoLC)fst00981565
=650  \7$aKorean language.$2fast$0(OCoLC)fst00988693
=655  \7$aDictionaries.$2fast$0(OCoLC)fst01423826
=700  1\$6880-05$aYutani, Yukitoshi,$d1949-
=773  0\$tJapanKnowledge
=776  08$iPrint version:$tPoketto puroguresshibu Kan-Nichi Nikkan jiten
=856  40$3JapanKnowledge$uhttp://japanknowledge.com/lib/search/basic/index.html?cids=46650%2C46651$yJapanKnowledge Lib
=880  00$6245-01/{dollar}1$aポケットプログレッシブ韓日・日韓辞典 /$c油谷幸利 [and 3 others] 編.
=880  30$6246-02/{dollar}1$aプログレッシブ韓日・日韓辞典
=880  30$6246-03/{dollar}1$a韓日・日韓辞典
=880  \1$6264-04/{dollar}1$a東京 :$b小学館,$c2004.
=880  1\$6700-05/{dollar}1$a油谷幸利,$d1949-
=859  \\$aORR$bJapanKnowledge
=CAT  \\$aW1704-1242$b00$c20170509$lBLL01$h0927
=CAT  \\$aBATCH-UPD$b00$c20170509$lBLL01$h0934
=CAT  \\$aW2003-0365$c20200305$lBLL01$h1101
=FIN  \\$aY$d20170509
=SID  \\$aZ30$bOCLC
=SRC  \\$aJapanKnowledge_2017$bJK_OCLC20170203.mrc
=LAS  \\$aW2003-0365$b00$c20200305$lBLL01$h1101

