=LDR  02360 am a22006134i 4500
=001  018338203
=003  Uk
=005  20170106043039.0
=006  m\\\\\o\\d\\\\\\\\
=007  cr\|||||||||||
=008  151112s2005\\\\ja\b\\\\ob\\\\000\0\jpn\d
=FMT  \\$a  BK
=020  \\$z4560508836
=020  \\$z9784560508831
=035  \\$a(OCoLC)928950245
=040  \\$aYUS$beng$cYUS$dOCLCO$dYUS$dOCLCO$dOCL$dUk$erda$epn
=041  1\$ajpn$hfre
=043  \\$amm-----
=050  \4$aDF572$b.M37163 2005
=100  1\$aMaraval, Pierre,$d1936-$eauthor.
=240  10$aEmpereur Justinien.$lJapanese
=245  10$6880-01$aKōtei Yusutinianusu /$cPiēru Maravaru cho ; Ōtsuki Yasuhiro yaku.
=264  \1$6880-02$aTōkyō :$bHakusuisha,$c2005.
=300  \\$a1 online resource.
=336  \\$atext$btxt$2rdacontent
=337  \\$acomputer$bc$2rdamedia
=338  \\$aonline resource$bcr$2rdacarrier
=490  1\$6880-03$aBunko kuseju ;$v883
=504  \\$aIncludes bibliographical references (pages i-v).
=588  \\$aDescription based on print version.
=600  00$aJustinian$bI,$cEmperor of the East,$d483?-565.
=600  07$aJustinian$bI,$cEmperor of the East,$d483?-565$2fast$0(OCoLC)fst00032865
=648  \7$a527-565$2fast
=651  \0$aByzantine Empire$xHistory$yJustinian I, 527-565.
=651  \7$aByzantine Empire.$2fast$0(OCoLC)fst01209292
=655  \7$aHistory.$2fast$0(OCoLC)fst01411628
=700  1\$6880-04$aŌtsuki, Yasuhiro,$d1962-
=773  0\$tJapanKnowledge
=776  08$iPrint version:$tKōtei Yusutinianusu
=830  \0$6880-05$aBunko kuseju$v883.
=856  40$3JapanKnowledge$uhttp://japanknowledge.com/lib/display/?lid=8021008830000$yJapanKnowledge Lib
=880  10$6245-01/{dollar}1$a皇帝ユスティニアヌス /$cピエール・マラヴァル著 ; 大月康弘訳.
=880  \1$6264-02/{dollar}1$a東京 :$b白水社,$c2005.
=880  1\$6490-03/{dollar}1$a文庫クセジュ ;$v883
=880  1\$6700-04/{dollar}1$a大月康弘,$d1962-
=880  \0$6830-05/{dollar}1$a文庫クセジュ ;$v883.
=859  \\$aORR$bJapanKnowledge
=CAT  \\$aW1704-1242$b00$c20170509$lBLL01$h0927
=CAT  \\$aBATCH-UPD$b00$c20170509$lBLL01$h0934
=CAT  \\$aW2003-0365$c20200305$lBLL01$h1101
=FIN  \\$aY$d20170509
=SID  \\$aZ30$bOCLC
=SRC  \\$aJapanKnowledge_2017$bJK_OCLC20170203.mrc
=LAS  \\$aW2003-0365$b00$c20200305$lBLL01$h1101

