=LDR  02552 am a22006377a 4500
=001  018338204
=003  Uk
=005  20170106043040.0
=006  m\\\\\o\\d\\\\\\\\
=007  cr\|||||||||||
=008  100630s1978\\\\ja\\\\\\ob\\\\000\0\jpn\d
=FMT  \\$a  BK
=019  \\$a297409692
=035  \\$a(OCoLC)645378166$z(OCoLC)297409692
=040  \\$aOCLCE$beng$cOCLCE$dCUS$dOCLCQ$dOCLCF$dOCLCO$dYUS$dOCLCO$dYUS$dOCLCO$dOCLCQ$dYUS$dOCLCO$dUk$epn
=042  \\$adlr
=043  \\$aa-ja---
=050  \4$aDS881.5.K35$bK39 1978
=100  1\$6880-01$aKawaji, Toshiakira,$d1801-1868
=245  10$6880-02$aTōyō kinkō :$bEikoku ryūgakusei e no tsūshin /$cKawaji Toshiakira [cho] ; Kawada Sadao kōchū.
=250  \\$6880-03$aShohan.
=260  \\$6880-04$aTōkyō :$bHeibonsha,$c1978.
=300  \\$a1 online resource (258 pages).
=336  \\$atext$btxt$2rdacontent
=337  \\$acomputer$bc$2rdamedia
=338  \\$aonline resource$bcr$2rdacarrier
=490  1\$6880-05$aTōyō bunko ;$v343
=504  \\$6880-06$aSankō bunken: page 258.
=588  0\$aPrint version record.
=600  10$6880-07$aKawaji, Toshiakira,$d1801-1868
=600  17$aKawaji, Toshiakira,$d1801-1868$2fast$0(OCoLC)fst00126925
=651  \0$aJapan$vBiography.
=651  \7$aJapan.$2fast$0(OCoLC)fst01204082
=655  \7$aBiography.$2fast$0(OCoLC)fst01423686
=700  1\$6880-08$aKawata, Sadao,$d1937-1995
=773  0\$tJapanKnowledge
=776  08$iPrint version:$aKawaji, Toshiakira, 1801-1868.$tTōyō kinkō.$dTōkyō : Heibonsha, 1978
=830  \0$6880-09$aTōyō bunko$v343.
=856  40$3JapanKnowledge$uhttp://japanknowledge.com/lib/display/?lid=80010V0343P0002$yJapanKnowledge Lib
=880  1\$6100-01/{dollar}1$a川路聖謨,$d1801-1868.
=880  10$6245-02/{dollar}1$a東洋金鴻 :$b英国留学生への通信 /$c川路聖謨[著] ; 川田貞夫校注.
=880  \\$6250-03/{dollar}1$a初版.
=880  \\$6260-04/{dollar}1$a東京 :$b平凡社,$c1978.
=880  1\$6490-05/{dollar}1$a東洋文庫 ;$v343
=880  \\$6504-06/{dollar}1$a参考文献: page 258.
=880  14$6600-07/{dollar}1$a川路聖謨,$d1801-1868.
=880  1\$6700-08/{dollar}1$a川田貞夫,$d1937-1995.
=880  \0$6830-09/{dollar}1$a東洋文庫 ;$v343.
=859  \\$aORR$bJapanKnowledge
=CAT  \\$aW1704-1242$b00$c20170509$lBLL01$h0927
=CAT  \\$aBATCH-UPD$b00$c20170509$lBLL01$h0935
=CAT  \\$aW2003-0365$c20200305$lBLL01$h1101
=FIN  \\$aY$d20170509
=SID  \\$aZ30$bOCLC
=SRC  \\$aJapanKnowledge_2017$bJK_OCLC20170203.mrc
=LAS  \\$aW2003-0365$b00$c20200305$lBLL01$h1101

