=LDR  02631cam a22006494i 4500
=001  018338205
=003  Uk
=005  20170106043040.0
=006  m\\\\\o\\d\\\\\\\\
=007  cr\|||||||||||
=008  151214s1990\\\\ja\\\\\gob\\\\000\0\jpnod
=FMT  \\$a  BK
=020  \\$z4560057141
=020  \\$z9784560057148
=035  \\$a(OCoLC)932129348
=040  \\$aCNEAL$beng$cYUS$dOCLCO$dOCLCF$dOCLCO$dOCL$dUk$erda$epn
=041  1\$ajpn$hfre
=050  \4$aPQ231$b.S36165 1990
=100  1\$aSaulnier, Verdun L.,$eauthor.
=240  10$aLitťrature fraṅaise de la Renaissance.$lJapanese
=245  10$6880-01$aJūrokuseiki Furansu bungaku /$cV.L. Sōnie [cho] ; Ninomiya Takashi, Yamazaki Yōichirō, Araki Shōtarō kyōyaku.
=264  \1$6880-02$aTōkyō :$bHakusuisha,$c1990.
=300  \\$a1 online resource.
=336  \\$atext$btxt$2rdacontent
=337  \\$acomputer$bc$2rdamedia
=338  \\$aonline resource$bcr$2rdacarrier
=490  1\$6880-03$aBunko kuseju ;$v714
=500  \\$aTranslation of: La litťrature fraṅaise de la Renaissance.
=504  \\$aIncludes bibliographical references.
=588  \\$aDescription based on print version.
=648  \7$a1500-1599$2fast
=650  \0$aFrench literature$y16th century$xHistory and criticism.
=650  \7$aFrench literature.$2fast$0(OCoLC)fst00934688
=655  \7$aCriticism, interpretation, etc.$2fast$0(OCoLC)fst01411635
=700  1\$6880-04$aNinomiya, Takashi,$d1928-2002
=700  1\$6880-05$aYamazaki, Yōichirō.
=700  1\$6880-06$aAraki, Shōtarō.
=773  0\$tJapanKnowledge
=776  08$iPrint version:$tJūrokuseiki furansu bungaku.
=830  \0$6880-07$aBunko kuseju$v714.
=856  40$3JapanKnowledge$uhttp://japanknowledge.com/lib/display/?lid=8021007140000$yJapanKnowledge Lib
=880  10$6245-01/{dollar}1$a十六世紀フランス文学 /$cV.=L.ソーニェ [著] ; 二宮敬, 山崎庸一郎, 荒木昭太郎共訳
=880  \1$6264-02/{dollar}1$a東京 :$b白水社,$c1990.
=880  0\$6490-03/{dollar}1$a文庫クセジュ ;$v714
=880  1\$6700-04/{dollar}1$a二宮, 敬,$d1928-2002.
=880  1\$6700-05/{dollar}1$a山崎庸一郎.
=880  1\$6700-06/{dollar}1$a荒木昭太郎.
=880  \0$6830-07/{dollar}1$a文庫クセジュ ;$v714.
=859  \\$aORR$bJapanKnowledge
=CAT  \\$aW1704-1242$b00$c20170509$lBLL01$h0927
=CAT  \\$aBATCH-UPD$b00$c20170509$lBLL01$h0935
=CAT  \\$aW2003-0365$c20200305$lBLL01$h1101
=CAT  \\$aBATCH-UPD$b00$c20221212$lBLL01$h2129
=FIN  \\$aY$d20170509
=SID  \\$aZ30$bOCLC
=SRC  \\$aJapanKnowledge_2017$bJK_OCLC20170203.mrc
=LAS  \\$aBATCH-UPD$b00$c20221212$lBLL01$h2129

