=LDR  02008 am a22005294i 4500
=001  018338206
=003  Uk
=005  20170106043040.0
=006  m\\\\\o\\d\\\\\\\\
=007  cr\|||||||||||
=008  151112s1976\\\\ja\a\\\\o\\\\\000\0\jpn\d
=FMT  \\$a  BK
=020  \\$z456005116X
=020  \\$z9784560051160
=035  \\$a(OCoLC)928950586
=040  \\$aYUS$beng$cYUS$dOCLCO$dYUS$dOCLCO$dUk$erda$epn
=041  1\$ajpn$hfre
=043  \\$ae-uk---
=100  1\$aBourde, André J.$q(André Jean),$eauthor.
=240  10$aHistoire de la Grande-Bretagne.$lJapanese
=245  10$6880-01$aEikoku shi /$cAndore J. Būrudo cho ; Takayama Kazuhiko, Besshi Tatsuo kyōyaku.
=246  3\$aHistoire de la Grande-Bretagne
=264  \1$6880-02$aTōkyō :$bHakusuisha,$c1976
=300  \\$a1 online resource.
=336  \\$atext$btxt$2rdacontent
=337  \\$acomputer$bc$2rdamedia
=338  \\$aonline resource$bcr$2rdacarrier
=490  0\$6880-03$aBunko kuseju =$aQue sais-je? ;$v116
=500  \\$aTranslation of: Histoire de la Grande-Bretagne.
=588  \\$aDescription based on print version.
=651  \0$aGreat Britain$xHistory.
=651  \7$aGreat Britain.$2fast$0(OCoLC)fst01204623
=655  \7$aHistory.$2fast$0(OCoLC)fst01411628
=773  0\$tJapanKnowledge
=776  08$iPrint version:$tEikoku shi
=856  40$3JapanKnowledge$uhttp://japanknowledge.com/lib/display/?lid=8021001160000$yJapanKnowledge Lib
=880  10$6245-01/{dollar}1$a英国史 /$cアンドレ. J.ブールド著 ; 高山一彥, 別枝達夫共訳.
=880  \1$6264-02/{dollar}1$a東京 :$b白水社,$c1976
=880  0\$6490-03/{dollar}1$a文庫クセジュ =$aQue sais-je? ;$v116
=859  \\$aORR$bJapanKnowledge
=CAT  \\$aW1704-1242$b00$c20170509$lBLL01$h0927
=CAT  \\$aBATCH-UPD$b00$c20170509$lBLL01$h0935
=CAT  \\$aW2003-0365$c20200305$lBLL01$h1101
=FIN  \\$aY$d20170509
=SID  \\$aZ30$bOCLC
=SRC  \\$aJapanKnowledge_2017$bJK_OCLC20170203.mrc
=LAS  \\$aW2003-0365$b00$c20200305$lBLL01$h1101

