=LDR  02393 am a22005897a 4500
=001  018338207
=003  Uk
=005  20170106043040.0
=006  m\\\\\o\\d\\\\\\\\
=007  cr\|||||||||||
=008  100418s1989\\\\ja\a\\\\o\\\\\000\0\jpn\d
=FMT  \\$a  BK
=020  \\$z4582805086
=020  \\$z9784582805086
=035  \\$a(OCoLC)607771721
=040  \\$aOCLCE$beng$cOCLCE$dOCLCQ$dCUS$dOCLCQ$dOCLCO$dOCLCQ$dOCLCF$dYUS$dOCLCO$dYUS$dOCLCO$dOCLCQ$dOCLCA$dYUS$dOCLCO$dUk$epn
=043  \\$aa-cc---
=050  \4$aDS735$b.M585 1989
=100  1\$6880-01$aMiyazaki, Ichisada,$d1901-1995
=245  10$6880-02$aTōyō ni okeru soboku shugi no minzoku to bunmei shugi no shakai /$cMiyazaki Ichisada.
=250  \\$6880-03$aShohan.
=260  \\$6880-04$aTōkyō :$bHeibonsha,$c1989.
=300  \\$a1 online resource (329 pages) :$billustrations.
=336  \\$atext$btxt$2rdacontent
=337  \\$acomputer$bc$2rdamedia
=338  \\$aonline resource$bcr$2rdacarrier
=490  0\$6880-05$aTōyō bunko ;$v508
=588  0\$aPrint version record.
=651  \0$aChina$xHistory.
=651  \7$aChina.$2fast$0(OCoLC)fst01206073
=655  \7$aHistory.$2fast$0(OCoLC)fst01411628
=700  12$6880-06.$aMiyazaki, Ichisada,$d1901-1995$tTōyō-teki kinsei.
=773  0\$tJapanKnowledge
=776  08$iPrint version:$aMiyazaki, Ichisada,$tTōyō ni okeru soboku shugi no minzoku to bunmei shugi no shakai.$bShohan.$d1901-1995
=856  40$3JapanKnowledge$uhttp://japanknowledge.com/lib/display/?lid=80010V0508P0002$yJapanKnowledge Lib
=880  1\$6100-01/{dollar}1$a宮崎市定,$d1901-
=880  10$6245-02/{dollar}1$a東洋における素朴主義の民族と文明主義の社会 /$c宮崎市定.
=880  \\$6250-03/{dollar}1$a初版.
=880  \\$6260-04/{dollar}1$a東京 :$b平凡社,$c1989.
=880  0\$6490-05/{dollar}1$a東洋文庫 ;$v508
=880  12$6700-06/{dollar}1$a宮崎市定,$d1901-$t東洋的近世.
=880  \0$6830-00/{dollar}1$a東洋文庫 ;$v508.
=859  \\$aORR$bJapanKnowledge
=CAT  \\$aW1704-1242$b00$c20170509$lBLL01$h0927
=CAT  \\$aBATCH-UPD$b00$c20170509$lBLL01$h0935
=CAT  \\$a5194$b40$c20171114$lBLL01$h0840
=CAT  \\$aBATCH-UPD$b40$c20171114$lBLL01$h0841
=CAT  \\$aW2003-0365$c20200305$lBLL01$h1101
=FIN  \\$aY$d20170509
=SID  \\$aZ30$bOCLC
=SRC  \\$aJapanKnowledge_2017$bJK_OCLC20170203.mrc
=LAS  \\$aW2003-0365$b00$c20200305$lBLL01$h1101

