=LDR  02282 am a22006014i 4500
=001  018338208
=003  Uk
=005  20170106043041.0
=006  m\\\\\o\\d\\\\\\\\
=007  cr\|||||||||||
=008  151112s2002\\\\ja\\\\\\ob\\\\001\0\jpn\d
=FMT  \\$a  BK
=020  \\$z4096580864
=020  \\$z9784096580868
=035  \\$a(OCoLC)928950364
=040  \\$aYUS$beng$cYUS$dOCLCO$dYUS$dOCLCO$dYUS$dOCLCO$dUk$erda$epn
=043  \\$aa-ja---
=050  \4$aPL3054$b.N54 2002
=245  00$6880-01$aNihon Kanshishū /$ckōchū, yaku Sugano Hiroyuki, Tokuda Takeshi.
=264  \1$6880-03$aTōkyō :$bShōgakkan,$c2002.
=300  \\$a1 online resource.
=336  \\$atext$btxt$2rdacontent
=337  \\$acomputer$bc$2rdamedia
=338  \\$aonline resource$bcr$2rdacarrier
=490  1\$6880-04$aShinpen Nihon koten bungaku zenshū ;$v86
=504  \\$aIncludes bibliographical references and index.
=588  \\$aDescription based on print version.
=648  \7$aTo 1868$2fast
=650  \0$aJapanese poetry$yTo 1868.
=650  \0$aKanshi (Japanese poetry)
=650  \7$aJapanese poetry.$2fast$0(OCoLC)fst00981898
=650  \7$aKanshi (Japanese poetry)$2fast$0(OCoLC)fst00986097
=700  1\$6880-05$aSugano, Hiroyuki,$d1929-
=700  1\$6880-06$aTokuda, Takeshi,$d1944-
=773  0\$tJapanKnowledge
=776  08$iPrint version:$tNihon Kanshishū
=830  \0$6880-07$aShinpen Nihon koten bungaku zenshū$v86.
=856  40$3JapanKnowledge$uhttp://japanknowledge.com/lib/display/?lid=80110V00860001$yJapanKnowledge Lib
=880  00$6245-01$a日本漢詩集 /$c校注·訳菅野禮行, 德田武.
=880  \1$6264-03$a東京 :$b小学館,$c2002.
=880  1\$6490-04$a新編日本古典文学全集 ;$v86
=880  1\$6700-05$a菅野禮行,$d1929-
=880  1\$6700-06$a德田武,$d1944-
=880  \0$6830-07$a新編日本古典文学全集 ;$v86.
=859  \\$aORR$bJapanKnowledge
=CAT  \\$aW1704-1242$b00$c20170509$lBLL01$h0927
=CAT  \\$aBATCH-UPD$b00$c20170509$lBLL01$h0935
=CAT  \\$aW2003-0365$c20200305$lBLL01$h1101
=CAT  \\$aBATCH-UPD$b00$c20200918$lBLL01$h2045
=FIN  \\$aY$d20170509
=SID  \\$aZ30$bOCLC
=SRC  \\$aJapanKnowledge_2017$bJK_OCLC20170203.mrc
=LAS  \\$aBATCH-UPD$b00$c20200918$lBLL01$h2045

