=LDR  03201 am a22007817a 4500
=001  018338209
=003  Uk
=005  20170106043041.0
=006  m\\\\\o\\d\\\\\\\\
=007  cr\|||||||||||
=008  100324s1986\\\\ja\af\\\ob\\\\000\0ajpn\d
=FMT  \\$a  BK
=019  \\$a301234110
=020  \\$z4582804616
=020  \\$z9784582804614
=035  \\$a(OCoLC)567981298$z(OCoLC)301234110
=040  \\$aOCLCE$beng$cOCLCE$dOCLCQ$dCUS$dOCLCQ$dOCLCF$dOCLCO$dYUS$dOCLCO$dYUS$dOCLCO$dOCLCQ$dYUS$dOCLCO$dUk$epn
=042  \\$adlr
=043  \\$aa-ja---
=050  \4$aND1059.S54$bA2 1986
=100  1\$6880-01$aShiba, Kōkan,$d1738?-1818
=240  10$6880-02$aSaiyū nikki
=245  10$6880-03$aKōkan saiyū nikki /$cShiba Kōkan ; Haga Tōru, Ōta Rieko kōchū.
=250  \\$6880-04$aShohan.
=260  \\$6880-05$aTōkyō :$bHeibonsha,$c1986.
=300  \\$a1 online resource (iv, 315, 16 pages, [1] leaf of plates) :$billustrations.
=336  \\$atext$btxt$2rdacontent
=337  \\$acomputer$bc$2rdamedia
=338  \\$aonline resource$bcr$2rdacarrier
=490  1\$6880-06$aTōyō bunko ;$v461
=504  \\$aIncludes bibliographical references (pages 300-302).
=588  0\$aPrint version record.
=600  10$6880-07$aShiba, Kōkan,$d1738?-1818$vDiaries.
=600  10$6880-08$aShiba, Kōkan,$d1738?-1818$xTravel$zJapan.
=600  17$aShiba, Kōkan,$d1738?-1818$2fast$0(OCoLC)fst00121013
=650  \0$aPainters$zJapan$vDiaries.
=650  \7$aPainters.$2fast$0(OCoLC)fst01050530
=650  \7$aTravel.$2fast$0(OCoLC)fst01155558
=651  \0$aJapan$xDescription and travel$vEarly works to 1800.
=651  \7$aJapan.$2fast$0(OCoLC)fst01204082
=655  \7$aDiaries.$2fast$0(OCoLC)fst01423794
=655  \7$aEarly works.$2fast$0(OCoLC)fst01411636
=700  1\$6880-09$aHaga, Tōru,$d1931-
=700  1\$6880-10$aŌta, Rieko,$d1953-
=773  0\$tJapanKnowledge
=776  08$iPrint version:$aShiba, Kōkan, 1738?-1818.$sSaiyū nikki.$tKōkan saiyū nikki.$bShohan.$dTōkyō : Heibonsha, 1986
=830  \0$6880-11$aTōyō bunko$v461.
=856  40$3JapanKnowledge$uhttp://japanknowledge.com/lib/display/?lid=80010V0461P0002$yJapanKnowledge Lib
=880  1\$6100-01/{dollar}1$a司馬江漢,$d1738?-1818.
=880  10$6240-02/{dollar}1$a西遊日記
=880  10$6245-03/{dollar}1$a江漢西遊日記 /$c司馬江漢 ; 芳賀徹, 太田理恵子校注.
=880  \\$6250-04/{dollar}1$a初版.
=880  \\$6260-05/{dollar}1$a東京 :$b平凡社,$c1986.
=880  1\$6490-06/{dollar}1$a東洋文庫 ;$v461
=880  14$6600-07/{dollar}1$a司馬江漢,$d1738?-1818$vDiaries.
=880  14$6600-08/{dollar}1$a司馬江漢,$d1738?-1818$xTravel$zJapan.
=880  1\$6700-09/{dollar}1$a芳賀徹,$d1931-
=880  1\$6700-10/{dollar}1$a太田理恵子,$d1953-
=880  \0$6830-11/{dollar}1$a東洋文庫 ;$v461.
=859  \\$aORR$bJapanKnowledge
=CAT  \\$aW1704-1242$b00$c20170509$lBLL01$h0927
=CAT  \\$aBATCH-UPD$b00$c20170509$lBLL01$h0935
=CAT  \\$aBATCH-UPD$b00$c20170509$lBLL01$h0939
=CAT  \\$aW2003-0365$c20200305$lBLL01$h1101
=FIN  \\$aY$d20170509
=SID  \\$aZ30$bOCLC
=SRC  \\$aJapanKnowledge_2017$bJK_OCLC20170203.mrc
=LAS  \\$aW2003-0365$b00$c20200305$lBLL01$h1101

