=LDR  02166 am a22005654i 4500
=001  018338210
=003  Uk
=005  20170106043041.0
=006  m\\\\\o\\d\\\\\\\\
=007  cr\|||||||||||
=008  151214s1990\\\\ja\\\\\go\\\\\000\0\jpn\d
=FMT  \\$a  BK
=020  \\$z4560057117
=020  \\$z9784560057117
=035  \\$a(OCoLC)932129339
=040  \\$aCNEAL$beng$cYUS$dOCLCO$dUk$erda$epn
=041  1\$ajpn$hfre
=050  \4$aPQ151$b.S3165 1990
=100  1\$aSaulnier, Verdun L.,$eauthor.
=240  10$aLittérature française du moyen âge.$lJapanese
=245  10$6880-01$aChūsei Furansu bungaku /$cV.L. Sōnie cho ; Kamisawa Eizō, Takada Isamu kyōyaku.
=264  \1$6880-02$aTōkyō :$bHakusuisha,$c1990.
=300  \\$a1 online resource.
=336  \\$atext$btxt$2rdacontent
=337  \\$acomputer$bc$2rdamedia
=338  \\$aonline resource$bcr$2rdacarrier
=490  1\$6880-03$aBunko kuseju ;$v711
=500  \\$aTranslation of: La littérature française du moyen âge
=588  \\$aDescription based on print version.
=700  1\$6880-04$aKamisawa, Eizo,$d1930-1998.
=700  1\$6880-05$aTakata, Isamu,$d1931-2012
=773  0\$tJapanKnowledge
=776  08$iPrint version:$tChusei furansu bungaku.
=830  \0$6880-06$aBunko kuseju$v711.
=856  40$3JapanKnowledge$uhttp://japanknowledge.com/lib/display/?lid=8021007110000$yJapanKnowledge Lib
=880  10$6245-01/{dollar}1$a中世フランス文学 /$cV.=L.ソーニエ著 ; 神沢栄三, 高田勇共訳.
=880  \1$6264-02/{dollar}1$a東京 :$b白水社,$c1990.
=880  1\$6490-03/{dollar}1$a文庫クセジュ ;$v711
=880  1\$6700-04/{dollar}1$a神沢, 栄三,$d1930-1998
=880  1\$6700-05/{dollar}1$a高田, 勇,$d1931-2012
=880  \0$6830-06/{dollar}1$a文庫クセジュ ;$v711
=859  \\$aORR$bJapanKnowledge
=CAT  \\$aW1704-1242$b00$c20170509$lBLL01$h0927
=CAT  \\$aBATCH-UPD$b00$c20170509$lBLL01$h0935
=CAT  \\$aBATCH-UPD$b00$c20200209$lBLL01$h2103
=CAT  \\$aW2003-0365$c20200305$lBLL01$h1101
=FIN  \\$aY$d20170509
=SID  \\$aZ30$bOCLC
=SRC  \\$aJapanKnowledge_2017$bJK_OCLC20170203.mrc
=LAS  \\$aW2003-0365$b00$c20200305$lBLL01$h1101

