=LDR  02596 am a22006857a 4500
=001  018338211
=003  Uk
=005  20170106043042.0
=006  m\\\\\o\\d\\\\\\\\
=007  cr\|||||||||||
=008  111006s1998\\\\ja\\\\\\o\\\\\000\0\jpn\d
=FMT  \\$a  BK
=019  \\$a297356569
=020  \\$z458280635X$q(v. 1)
=020  \\$z4582806368$q(v. 2)
=020  \\$z9784582806359$q(v. 1)
=020  \\$z9784582806366$q(v. 2)
=035  \\$a(OCoLC)755991851$z(OCoLC)297356569
=040  \\$aOCLCE$beng$cOCLCE$dCUS$dOCLCQ$dOCLCF$dOCLCQ$dOCLCO$dYUS$dOCLCO$dYUS$dOCLCQ$dYUS$dOCLCO$dUk$epn
=041  1\$ajpn$hchi
=042  \\$adlr
=050  \4$aPL2488$b.F85 1998
=084  \\$a921.32$2njb/9
=130  0\$6880-01$aShi jing.$kSelections.$lJapanese.
=245  10$6880-02$aShikyō gashō /$cShirakawa Shizuka yakuchū.
=250  \\$6880-03$aShohan.
=260  \\$6880-04$aTōkyō :$bHeibonsha,$c1998.
=300  \\$a1 online resource (2 volumes).
=336  \\$atext$btxt$2rdacontent
=337  \\$acomputer$bc$2rdamedia
=338  \\$aonline resource$bcr$2rdacarrier
=490  1\$6880-05$aTōyō bunko ;$v635-636
=588  0\$aPrint version record.
=630  00$6880-06$aShi jing
=630  07$aShi jing.$2fast$0(OCoLC)fst01357102
=650  07$6880-07$aShikyō.$2jlabsh/3
=700  1\$6880-08$aShirakawa, Shizuka,$d1910-2006
=773  0\$tJapanKnowledge
=776  08$iPrint version:$tShikyō gashō.$bShohan.$dTōkyō : Heibonsha, 1998$z458280635X
=830  \0$6880-09$aTōyō bunko$v635-636.
=856  40$3JapanKnowledge Volume 1$uhttp://japanknowledge.com/lib/display/?lid=80010V0635P0002$yJapanKnowledge Lib
=856  40$3JapanKnowledge Volume 2$uhttp://japanknowledge.com/lib/display/?lid=80010V0636P0002$yJapanKnowledge Lib
=880  0\$6130-01/{dollar}1$a詩経.$kSelections.$lJapanese.
=880  10$6245-02/{dollar}1$a詩経雅頌 /$c白川静訳注.
=880  \\$6250-03/{dollar}1$a初版.
=880  \\$6260-04/{dollar}1$a東京 :$b平凡社,$c1998.
=880  1\$6490-05/{dollar}1$a東洋文庫 ;$v635-636
=880  04$6630-06/{dollar}1$a詩経.
=880  07$6650-07/{dollar}1$a詩経.$2jlabsh/3
=880  1\$6700-08/{dollar}1$a白川静,$d1910-2006.
=880  02$6730-00/{dollar}1$a詩経.$kSelections.
=880  \0$6830-09/{dollar}1$a東洋文庫 ;$v635-636.
=859  \\$aORR$bJapanKnowledge
=CAT  \\$aW1704-1242$b00$c20170509$lBLL01$h0927
=CAT  \\$aBATCH-UPD$b00$c20170509$lBLL01$h0935
=CAT  \\$aW2003-0365$c20200305$lBLL01$h1101
=FIN  \\$aY$d20170509
=SID  \\$aZ30$bOCLC
=SRC  \\$aJapanKnowledge_2017$bJK_OCLC20170203.mrc
=LAS  \\$aW2003-0365$b00$c20200305$lBLL01$h1101

