=LDR  02702 am a22006374i 4500
=001  018338212
=003  Uk
=005  20170106043043.0
=006  m\\\\\o\\d\\\\\\\\
=007  cr\|||||||||||
=008  160115s2001\\\\ja\\\\\\o\\\\\000\0\jpn\d
=FMT  \\$a  BK
=020  \\$z4560058431
=020  \\$z9784560058435
=035  \\$a(OCoLC)934799050
=040  \\$aSTF$beng$cYUS$dOCLCO$dYUS$dOCLCO$dOCLCF$dOCLCO$dUk$erda$epn
=041  1\$ajpn$hfre
=050  \4$aPA2057$b.D36163 2001
=100  1\$aDangel, Jacqueline,$eauthor.
=240  10$aHistoire de la langue latine.$lJapanese
=245  10$6880-01$aRatengo no rekishi /$cJakurīnu Danjeru cho ; Tōyama Ichirō, Takada Daisuke yaku.
=264  \1$6880-02$aTōkyō :$bHakusuisha,$c2001.
=300  \\$a1 online resource.
=336  \\$atext$btxt$2rdacontent
=337  \\$acomputer$bc$2rdamedia
=338  \\$aonline resource$bcr$2rdacarrier
=490  1\$6880-03$aBunko kuseju ;$v843
=500  \\$aTranslation of: Histoire de la langue latine.
=588  \\$aDescription based on print version record.
=650  \7$6880-04$aRatengo.$2jlabsh
=650  \0$aLatin language$xHistory.
=650  \7$aLatin language.$2fast$0(OCoLC)fst00993125
=655  \7$aHistory.$2fast$0(OCoLC)fst01411628
=700  1\$6880-05$aTōyama, Ichirō,$d1937-$etranslator.
=700  1\$6880-06$aTakada, Daisuke,$d1968-$etranslator.
=730  0\$aHistoire de la langue latine.
=773  0\$tJapanKnowledge
=776  08$6880-07$iPrint version:$aDangel, Jacqueline.$sHistoire de la langue latine. Japanese$tRatengo no rekishi.$dTōkyō : Hakusuisha, 2001
=830  \0$6880-08$aBunko kuseju$v843.
=856  40$3JapanKnowledge$uhttp://japanknowledge.com/lib/display/?lid=8021008430000$yJapanKnowledge Lib
=880  10$6245-01$aラテン語の歴史 /$cジャクリーヌ・ダンジェル著 ; 遠山一郎, 高田大介訳.
=880  \1$6264-02$a東京 :$b白水社,$c2001.
=880  1\$6490-03$a文庫クセジュ ;$v843
=880  \7$6650-04$aラテン語.$2jlabsh
=880  1\$6700-05$a遠山一郎,$d1937-$etranslator.
=880  1\$6700-06$a高田大介,$d1968-$etranslator.
=880  08$6776-07$iPrint version:$aDangel, Jacqueline.$sHistoire de la langue latine. Japanese$tラテン語の歴史.$d東京 : 白水社, 2001$w(OCoLC)54704468
=880  \0$6830-08$a文庫クセジュ ;$v843.
=859  \\$aORR$bJapanKnowledge
=CAT  \\$aW1704-1242$b00$c20170509$lBLL01$h0927
=CAT  \\$aBATCH-UPD$b00$c20170509$lBLL01$h0935
=CAT  \\$aW2003-0365$c20200305$lBLL01$h1101
=FIN  \\$aY$d20170509
=SID  \\$aZ30$bOCLC
=SRC  \\$aJapanKnowledge_2017$bJK_OCLC20170203.mrc
=LAS  \\$aW2003-0365$b00$c20200305$lBLL01$h1101

