=LDR  02658 am a22006617i 4500
=001  018338213
=003  Uk
=005  20170106043043.0
=006  m\\\\\o\\d\\\\\\\\
=007  cr\|||||||||||
=008  100310s1975\\\\ja\\\\\\ob\\\\000\0\jpn\d
=FMT  \\$a  BK
=019  \\$a297889925
=035  \\$a(OCoLC)550575930$z(OCoLC)297889925
=040  \\$aOCLCE$beng$cOCLCE$dOCLCQ$dCUS$dOCLCQ$dCHVBK$dOCLCO$dOCLCQ$dOCLCF$dYUS$dOCLCO$dYUS$dOCLCO$dOCL$dOCLCQ$dYUS$dOCLCO$dUk$epn
=042  \\$adlr
=043  \\$aa-ja---
=050  \4$aDS871$b.U25 1975 (Orien Japan)
=100  1\$6880-01$aUchida, Ginzō,$d1872-1919
=245  10$6880-02$aKinsei no Nihon ;$bNihon kinseishi /$cUchida Ginzō cho ; Miyazaki Michio kōchū.
=260  \\$6880-03$aTōkyō :$bHeibonsha,$cShōwa 50 [1975]
=300  \\$a1 online resource (v, 308 pages).
=336  \\$atext$btxt$2rdacontent
=337  \\$acomputer$bc$2rdamedia
=338  \\$aonline resource$bcr$2rdacarrier
=490  1\$6880-04$aTōyō bunko ;$v279
=504  \\$aIncludes bibliographical references.
=588  0\$aPrint version record.
=648  \7$a1600-1868$2fast
=650  \7$aEdo-Zeit$2gnd
=651  \0$aJapan$xHistory$yTokugawa period, 1600-1868.
=651  \7$aJapan.$2fast$0(OCoLC)fst01204082
=651  \7$aJapan.$2gnd
=655  \7$aHistory.$2fast$0(OCoLC)fst01411628
=700  1\$6880-05$aMiyazaki, Michio,$d1917-
=700  12$6880-06.$aUchida, Ginzō,$d1872-1919$tNihon kinseishi.
=773  0\$tJapanKnowledge
=776  08$iPrint version:$aUchida, Ginzō, 1872-1919.$tKinsei no Nihon.$dTōkyō : Heibonsha, Shōwa 50 [1975]
=830  \0$6880-07$aTōyō bunko$v279.
=856  40$3JapanKnowledge$uhttp://japanknowledge.com/lib/display/?lid=80010V0279P0002$yJapanKnowledge Lib
=880  1\$6100-01/{dollar}1$a內田銀藏,$d1872-1919.
=880  10$6245-02/{dollar}1$a近世の日本 ;$b日本近世史 /$c內田銀藏著 ; 宮崎道生校注.
=880  \\$6260-03/{dollar}1$a東京 :$b平凡社,$c昭和50 [1975]
=880  1\$6490-04/{dollar}1$a東洋文庫 ;$v279
=880  1\$6700-05/{dollar}1$a宮崎道生,$d1917-
=880  12$6700-06/{dollar}1$a內田銀藏,$d1872-1919.$t日本近世史.
=880  \0$6830-07/{dollar}1$a東洋文庫 ;$v279.
=859  \\$aORR$bJapanKnowledge
=CAT  \\$aW1704-1242$b00$c20170509$lBLL01$h0927
=CAT  \\$aBATCH-UPD$b00$c20170509$lBLL01$h0935
=CAT  \\$aBATCH-UPD$b00$c20170509$lBLL01$h0939
=CAT  \\$aW2003-0365$c20200305$lBLL01$h1101
=FIN  \\$aY$d20170509
=SID  \\$aZ30$bOCLC
=SRC  \\$aJapanKnowledge_2017$bJK_OCLC20170203.mrc
=029  1\$aCHBIS$b009900304
=029  1\$aCHVBK$b199335702
=LAS  \\$aW2003-0365$b00$c20200305$lBLL01$h1101

