=LDR  02885 am a22006977a 4500
=001  018338214
=003  Uk
=005  20170106043043.0
=006  m\\\\\o\\d\\\\\\\\
=007  cr\|||||||||||
=008  100409s1989\\\\ja\a\\\\o\\\\\001\0\jpn\d
=FMT  \\$a  BK
=020  \\$z4582804993$q(v. 1)
=020  \\$z4582805043$q(v. 2)
=020  \\$z9784582804997$q(v. 1)
=020  \\$z9784582805048$q(v. 2)
=035  \\$a(OCoLC)606213128
=040  \\$aOCLCE$beng$cOCLCE$dOCLCQ$dCUS$dOCLCQ$dOCLCF$dOCLCO$dYUS$dOCLCO$dOCLCA$dYUS$dOCLCO$dOCLCQ$dYUS$dOCLCO$dUk$epn
=043  \\$aa-ja---
=050  \4$aDS894.49.M872$bJ57 1989
=100  0\$6880-01$aJippōan Keijun,$d1762-1832
=245  10$6880-02$aYūreki zakki shohen /$cJuppōan Keijun ; Asakura Haruhiko kōtei.
=246  30$6880-03$aYūreki zakki
=250  \\$6880-04$aShohan.
=260  \\$6880-05$aTōkyō :$bHeibonsha,$c1989.
=300  \\$a1 online resource (2 volumes) :$billustrations.
=336  \\$atext$btxt$2rdacontent
=337  \\$acomputer$bc$2rdamedia
=338  \\$aonline resource$bcr$2rdacarrier
=490  1\$6880-06$aTōyō bunko ;$v499, 504
=500  \\$aIncludes index.
=588  0\$aPrint version record.
=600  00$6880-07$aJippōan Keijun,$d1762-1832$xTravel.
=600  07$aJippōan Keijun,$d1762-1832$2fast$0(OCoLC)fst00444281
=650  \7$aTravel.$2fast$0(OCoLC)fst01155558
=651  \0$aMusashi Region (Japan)$xDescription and travel.
=651  \7$aJapan$zMusashi Region.$2fast$0(OCoLC)fst01240844
=700  1\$6880-08$aAsakura, Haruhiko,$d1924-2013
=773  0\$tJapanKnowledge
=776  08$iPrint version:$aJippōan Keijun, 1762-1832.$tYūreki zakki shohen.$bShohan.$dTōkyō : Heibonsha, 1989
=830  \0$6880-09$aTōyō bunko$v499, 504.
=856  40$3JapanKnowledge Volume 1$uhttp://japanknowledge.com/lib/display/?lid=80010V0499P0002$yJapanKnowledge Lib
=856  40$3JapanKnowledge Volume 2$uhttp://japanknowledge.com/lib/display/?lid=80010V0504P0002$yJapanKnowledge Lib
=880  0\$6100-01/{dollar}1$a十方庵敬順,$d1762-1832.
=880  10$6245-02/{dollar}1$a遊歴雑記初編 /$c十方庵敬順 ; 朝倉治彥校訂.
=880  30$6246-03/{dollar}1$a遊歴雑記
=880  \\$6250-04/{dollar}1$a初版.
=880  \\$6260-05/{dollar}1$a東京 :$b平凡社,$c1989.
=880  1\$6490-06/{dollar}1$a東洋文庫 ;$v499, 504
=880  04$6600-07/{dollar}1$a十方庵敬順,$d1762-1832$xTravel.
=880  1\$6700-08/{dollar}1$a朝倉治彥,$d1924-
=880  \0$6830-09/{dollar}1$a東洋文庫 ;$v499, 504.
=859  \\$aORR$bJapanKnowledge
=CAT  \\$aW1704-1242$b00$c20170509$lBLL01$h0927
=CAT  \\$aBATCH-UPD$b00$c20170509$lBLL01$h0935
=CAT  \\$aBATCH-UPD$b00$c20170509$lBLL01$h0939
=CAT  \\$aW2003-0365$c20200305$lBLL01$h1101
=FIN  \\$aY$d20170509
=SID  \\$aZ30$bOCLC
=SRC  \\$aJapanKnowledge_2017$bJK_OCLC20170203.mrc
=LAS  \\$aW2003-0365$b00$c20200305$lBLL01$h1101

