=LDR  02112 am a22005654i 4500
=001  018338215
=003  Uk
=005  20170106043044.0
=006  m\\\\\o\\d\\\\\\\\
=007  cr\|||||||||||
=008  151113s1974\\\\ja\\\\\\o\\\\\000\0\jpn\d
=FMT  \\$a  BK
=035  \\$a(OCoLC)929031117
=040  \\$aCNEAL$beng$cYUS$dOCLCO$dYUS$dOCLCO$dOCLCF$dUk$erda$epn
=041  1\$ajpn$hfre
=050  \4$aGN751$b.T54167 1974
=100  1\$aThévenin, René,$d1877-1967,$eauthor.
=245  10$6880-01$aDensetsu no kuni /$cRune Tevunan cho ; Sasamoto Takashi yaku.
=264  \1$6880-02$aTōkyō :$bHakusuisha,$c1974.
=300  \\$a1 online resource.
=336  \\$atext$btxt$2rdacontent
=337  \\$acomputer$bc$2rdamedia
=338  \\$aonline resource$bcr$2rdacarrier
=490  1\$6880-03$aBunko kuseju ;$v558
=588  \\$aDescription based on print version.
=650  \0$aAtlantis (Legendary place)
=650  \0$aGeographical myths.
=650  \7$aAtlantis (Legendary place)$2fast$0(OCoLC)fst01429815
=650  \7$aGeographical myths.$2fast$0(OCoLC)fst00940454
=700  1\$6880-04$aSasamoto, Takashi.
=730  0\$aPays légendaires.
=773  0\$tJapanKnowledge
=776  08$iPrint version:$tDensetsu no kuni
=830  \0$6880-05$aBunko kuseju$v558.
=856  40$3JapanKnowledge$uhttp://japanknowledge.com/lib/display/?lid=8021005580000$yJapanKnowledge Lib
=880  10$6245-01/{dollar}1$a伝說の国 /$cルネ・テヴナン著 ; 笹本孝訳.
=880  \1$6264-02/{dollar}1$a東京 :$b白水社,$c1974.
=880  1\$6490-03/{dollar}1$a文庫クセジュ ;$v558
=880  1\$6700-04/{dollar}1$a笹本孝.
=880  \0$6830-05/{dollar}1$a文庫クセジュ ;$v558.
=859  \\$aORR$bJapanKnowledge
=CAT  \\$aW1704-1242$b00$c20170509$lBLL01$h0927
=CAT  \\$aBATCH-UPD$b00$c20170509$lBLL01$h0935
=CAT  \\$aBATCH-UPD$b00$c20170509$lBLL01$h0939
=CAT  \\$aBATCH-UPD$b00$c20171025$lBLL01$h2021
=CAT  \\$aW2003-0365$c20200305$lBLL01$h1101
=FIN  \\$aY$d20170509
=SID  \\$aZ30$bOCLC
=SRC  \\$aJapanKnowledge_2017$bJK_OCLC20170203.mrc
=LAS  \\$aW2003-0365$b00$c20200305$lBLL01$h1101

