=LDR  01925 am a22005294i 4500
=001  018338216
=003  Uk
=005  20170106043044.0
=006  m\\\\\o\\d\\\\\\\\
=007  cr\|||||||||||
=008  151112s2012\\\\ja\\\\\\od\\\\000\0\jpn\d
=FMT  \\$a  BK
=020  \\$z464100028X
=020  \\$z9784641000285
=035  \\$a(OCoLC)928950288
=040  \\$aYUS$beng$cYUS$dOCLCO$dYUS$dOCLCO$dUk$erda$epn
=043  \\$aa-ja---
=050  \4$aKNX26$b.Y94 2012
=245  00$6880-01$aYūhikaku hōritsu yōgo jiten /$cHōrei Yōgo Kenkyūkai hen.
=246  30$6880-02$aHōritsu yōgo jiten
=264  \1$6880-04$aTōkyō :$bYūhikaku,$c2012.
=300  \\$a1 online resource
=336  \\$atext$btxt$2rdacontent
=337  \\$acomputer$bc$2rdamedia
=338  \\$aonline resource$bcr$2rdacarrier
=588  \\$aDescription based on print version.
=650  \0$aLaw$vDictionaries$xJapanese.
=650  \0$aLaw$zJapan$vDictionaries$xJapanese.
=650  \7$aLaw.$2fast$0(OCoLC)fst00993678
=651  \7$aJapan.$2fast$0(OCoLC)fst01204082
=655  \7$aDictionaries.$2fast$0(OCoLC)fst01423826
=710  2\$6880-07$aHōrei Yōgo Kenkyūkai.
=773  0\$tJapanKnowledge
=776  08$iPrint version:$tYūhikaku hōritsu yōgo jiten
=856  40$3JapanKnowledge$uhttp://japanknowledge.com/lib/search/basic/?cids=50610$yJapanKnowledge Lib
=880  00$6245-01$a有斐閣法律用語辞典 /$c法令用語研究会編.
=880  30$6246-02$a法律用語辞典
=880  \1$6264-04$a東京 :$b有斐閣,$c2012.
=880  2\$6710-07$a法令用語研究会.
=859  \\$aORR$bJapanKnowledge
=CAT  \\$aW1704-1242$b00$c20170509$lBLL01$h0927
=CAT  \\$aBATCH-UPD$b00$c20170509$lBLL01$h0935
=CAT  \\$aW2003-0365$c20200305$lBLL01$h1101
=FIN  \\$aY$d20170509
=SID  \\$aZ30$bOCLC
=SRC  \\$aJapanKnowledge_2017$bJK_OCLC20170203.mrc
=LAS  \\$aW2003-0365$b00$c20200305$lBLL01$h1101

