=LDR  01695 as a22004214i 4500
=001  018338217
=003  Uk
=005  20170106043044.0
=006  m\\\\\o\\d\\\\\\\\
=007  cr\|||||||||||
=008  151113c20099999ja\mr\\\o\de\\0\\\\0jpn\d
=FMT  \\$a  SE
=035  \\$a(OCoLC)929074865
=040  \\$aYUS$beng$cYUS$dYUS$dOCLCO$dOCLCF$dUk$erda
=050  \4$aAE35.2
=245  00$6880-01$aNipponika purasu.
=264  \1$6880-02$aTōkyō :$bNetAdvance Inc.,$c2009-
=300  \\$a1 online resource
=336  \\$atext$btxt$2rdacontent
=337  \\$acomputer$bc$2rdamedia
=338  \\$aonline resource$bcr$2rdacarrier
=588  \\$aDescription based on online resource; title from search contents (viewed November 17, 2015).
=650  \0$aEncyclopedias and dictionaries, Japanese.
=650  \7$aEncyclopedias and dictionaries, Japanese.$2fast$0(OCoLC)fst00909586
=773  0\$tJapanKnowledge
=775  08$6880-03$tNihon dai hyakka zensho.$bShohan.$dTōkyō : Shōgakkan, Shōwa 59-64 [1984-1989]
=856  40$3JapanKnowledge$uhttp://japanknowledge.com/lib/search/basic/?cids=10011$yJapanKnowledge Lib
=880  00$6245-01/{dollar}1$aニッポニカ・プラス.
=880  \1$6264-02/{dollar}1$a東京 :$bNetAdvance Inc.,$c2009-
=880  08$6775-03/{dollar}1$t日本大百科全書.$b初版.$d東京 : 小学館, 昭和59-64 [1984-1989]$w(OCoLC)568000435
=859  \\$aORR$bJapanKnowledge
=CAT  \\$aW1704-1242$b00$c20170509$lBLL01$h0927
=CAT  \\$aBATCH-UPD$b00$c20170509$lBLL01$h0935
=CAT  \\$aW2003-0365$c20200305$lBLL01$h1101
=FIN  \\$aY$d20170509
=SID  \\$aZ30$bOCLC
=SRC  \\$aJapanKnowledge_2017$bJK_OCLC20170203.mrc
=LAS  \\$aW2003-0365$b00$c20200305$lBLL01$h1101

