=LDR  02402 am a22006134i 4500
=001  018338218
=003  Uk
=005  20170106043044.0
=006  m\\\\\o\\d\\\\\\\\
=007  cr\|||||||||||
=008  151117s2004\\\\ja\\\\\gob\\\\000\0\jpn\d
=FMT  \\$a  BK
=020  \\$z4560508828
=020  \\$z9784560508824
=035  \\$a(OCoLC)929688434
=040  \\$aWTU$beng$cYUS$dOCLCO$dYUS$dOCLCO$dOCLCF$dOCL$dUk$erda$epn
=041  1\$ajpn$hfre
=100  1\$aSaint-Denis, Alain,$eauthor.
=240  10$aSiècle de Saint-Louis.$lJapanese
=245  10$6880-01$aSeiō Rui no seiki /$cAran San Doni cho ; Fukumoto Naoyuki yaku.
=264  \1$6880-02$aTōkyō :$bHakusuisha,$c2004.
=300  \\$a1 online resource.
=336  \\$atext$btxt$2rdacontent
=337  \\$acomputer$bc$2rdamedia
=338  \\$aonline resource$bcr$2rdacarrier
=490  1\$6880-03$aBunko Kuseju ;$v882
=504  \\$aIncludes bibliographical references.
=588  \\$aDescription based on print version.
=600  00$aLouis$bIX,$cKing of France,$d1214-1270.
=600  07$aLouis$bIX,$cKing of France,$d1214-1270$2fast$0(OCoLC)fst00035587
=648  \7$a1226-1270$2fast
=651  \0$aFrance$xHistory$yLouis IX, 1226-1270.
=651  \7$aFrance.$2fast$0(OCoLC)fst01204289
=655  \7$aHistory.$2fast$0(OCoLC)fst01411628
=700  1\$6880-04,$aFukumoto, Naoyuki,$d1939-$etranslator.
=700  1\$iTranslation of:$aSaint-Denis, Alain.$tLe siècle de Saint-Louis.
=773  0\$tJapanKnowledge
=776  08$iPrint version:$tSeiō rui no seiki
=830  \0$6880-05$aBunko kuseju$v882.
=856  40$3JapanKnowledge$uhttp://japanknowledge.com/lib/display/?lid=8021008820000$yJapanKnowledge Lib
=880  10$6245-01/{dollar}1$a聖王ルイの世紀 /$cアラン・サン=ドニ著 ; 福本直之訳.
=880  \1$6264-02/{dollar}1$a東京 :$b白水社,$c2004.
=880  1\$6490-03/{dollar}1$a文庫クセジュ ;$v882
=880  1\$6700-04/{dollar}1$a福本直之,$d1939-$etranslator.
=880  \0$6830-05/{dollar}1$a文庫クセジュ ;$v882.
=859  \\$aORR$bJapanKnowledge
=CAT  \\$aW1704-1242$b00$c20170509$lBLL01$h0927
=CAT  \\$aBATCH-UPD$b00$c20170509$lBLL01$h0935
=CAT  \\$aBATCH-UPD$b00$c20170509$lBLL01$h0939
=CAT  \\$aW2003-0365$c20200305$lBLL01$h1101
=FIN  \\$aY$d20170509
=SID  \\$aZ30$bOCLC
=SRC  \\$aJapanKnowledge_2017$bJK_OCLC20170203.mrc
=LAS  \\$aW2003-0365$b00$c20200305$lBLL01$h1101

