=LDR  02243 am a22005897a 4500
=001  018338219
=003  Uk
=005  20170106043045.0
=006  m\\\\\o\\d\\\\\\\\
=007  cr\|||||||||||
=008  100418s1990\\\\ja\a\\\\o\\\\\000\0\jpn\d
=FMT  \\$a  BK
=020  \\$z4582805205
=020  \\$z9784582805208
=035  \\$a(OCoLC)607825600
=040  \\$aOCLCE$beng$cOCLCE$dOCLCQ$dCUS$dOCLCQ$dOCLCF$dOCLCO$dYUS$dOCLCO$dYUS$dOCLCO$dOCLCQ$dOCLCO$dYUS$dOCLCO$dUk$epn
=043  \\$aa-cc---
=050  \4$aPL2264$b.A55 1990
=100  1\$6880-01$aAoki, Masaru,$d1887-1964
=245  10$6880-02$aKinki shoga /$cAoki Masaru.
=250  \\$6880-03$aShohan.
=260  \\$6880-04$aTōkyō :$bHeibonsha,$c1990.
=300  \\$a1 online resource (298 pages) :$billustrations.
=336  \\$atext$btxt$2rdacontent
=337  \\$acomputer$bc$2rdamedia
=338  \\$aonline resource$bcr$2rdacarrier
=490  1\$6880-05$aTōyō bunko ;$v520
=588  0\$aPrint version record.
=650  \0$aChinese literature$xHistory and criticism.
=650  \7$aChinese literature.$2fast$0(OCoLC)fst00857595
=650  \7$aCivilization.$2fast$0(OCoLC)fst00862898
=651  \0$aChina$xCivilization.
=651  \7$aChina.$2fast$0(OCoLC)fst01206073
=655  \7$aCriticism, interpretation, etc.$2fast$0(OCoLC)fst01411635
=773  0\$tJapanKnowledge
=776  08$iPrint version:$aAoki, Masaru, 1887-1964.$tKinki shoga.$bShohan.$dTōkyō : Heibonsha, 1990
=830  \0$6880-06$aTōyō bunko$v520.
=856  40$3JapanKnowledge$uhttp://japanknowledge.com/lib/display/?lid=80010V0520P0002$yJapanKnowledge Lib
=880  1\$6100-01/{dollar}1$a青木正兒,$d1887-1964.
=880  10$6245-02/{dollar}1$a琴棊書画 /$c青木正兒.
=880  \\$6250-03/{dollar}1$a初版.
=880  \\$6260-04/{dollar}1$a東京 :$b平凡社,$c1990.
=880  1\$6490-05/{dollar}1$a東洋文庫 ;$v520
=880  \0$6830-06/{dollar}1$a東洋文庫 ;$v520.
=859  \\$aORR$bJapanKnowledge
=CAT  \\$aW1704-1242$b00$c20170509$lBLL01$h0927
=CAT  \\$aBATCH-UPD$b00$c20170509$lBLL01$h0935
=CAT  \\$aW2003-0365$c20200305$lBLL01$h1101
=FIN  \\$aY$d20170509
=SID  \\$aZ30$bOCLC
=SRC  \\$aJapanKnowledge_2017$bJK_OCLC20170203.mrc
=LAS  \\$aW2003-0365$b00$c20200305$lBLL01$h1101

