=LDR  03274 am a22007457a 4500
=001  018338220
=003  Uk
=005  20170106043045.0
=006  m\\\\\o\\d\\\\\\\\
=007  cr\|||||||||||
=008  100629s1976\\\\ja\a\\\\ob\\\\000\0\jpn\d
=FMT  \\$a  BK
=019  \\$a297658245
=035  \\$a(OCoLC)644834308$z(OCoLC)297658245
=040  \\$aOCLCE$beng$cOCLCE$dOCLCA$dCUS$dOCLCQ$dOCLCF$dOCLCO$dYUS$dOCLCO$dYUS$dOCLCO$dOCLCQ$dYUS$dOCLCO$dUk$epn
=041  1\$ajpn$hchi
=042  \\$adlr
=043  \\$aa-cc---
=050  \4$aTX415$b.C47
=084  \\$a791$2njb/9
=100  1\$6880-01$aNunome, Chōfū,$d1919-2000
=245  10$6880-02$aChūgoku no chasho /$cNunome Chōfū, Nakamura Takashi hen'yaku.
=250  \\$6880-03$aShohan.
=260  \\$6880-04$aTōkyō :$bHeibonsha,$c1976.
=300  \\$a1 online resource (ii, 374 pages) :$billustrations.
=336  \\$atext$btxt$2rdacontent
=337  \\$acomputer$bc$2rdamedia
=338  \\$aonline resource$bcr$2rdacarrier
=490  1\$6880-05$aTōyō bunko ;$v289
=504  \\$aIncludes bibliographical references.
=505  0\$6880-06$aRikuu Chakyō -- Chō Yūshin Sencha suiki -- So Yushina -- Kijō Charoku -- Sō Bishū Taikan charon -- Yū Han Senwa hokuenkō charoku -- Shō Bunrei Hokuen betsuroku -- Sen Chunnen Seicha shinpu -- Den Geikō Nisen hōhin -- Kyo Ji Cahso.
=588  0\$aPrint version record.
=650  \0$aTea in literature.
=650  \0$aTea masters$zChina.
=650  \0$aTea$zChina.
=650  \7$aManners and customs.$2fast$0(OCoLC)fst01007815
=650  \7$aTea in literature.$2fast$0(OCoLC)fst01144163
=650  \7$aTea masters.$2fast$0(OCoLC)fst01144169
=650  \7$aTea.$2fast$0(OCoLC)fst01144120
=650  07$6880-07$aChadō.$2jlabsh/4
=651  \0$aChina$xSocial life and customs.
=651  \7$aChina.$2fast$0(OCoLC)fst01206073
=700  1\$6880-08$aNakamura, Takashi,$d1936-
=773  0\$tJapanKnowledge
=776  08$iPrint version:$aNunome, Chōfū, 1919-2000.$tChūgoku no chasho.$bShohan.$dTōkyō : Heibonsha, 1976
=830  \0$6880-09$aTōyō bunko$v289.
=856  40$3JapanKnowledge$uhttp://japanknowledge.com/lib/display/?lid=80010V0289P0002$yJapanKnowledge Lib
=880  1\$6100-01/{dollar}1$a布目潮渢,$d1919-2000.
=880  10$6245-02/{dollar}1$a中国の茶書 /$c布目潮渢, 中村喬編訳.
=880  \\$6250-03/{dollar}1$a初版.
=880  \\$6260-04/{dollar}1$a東京 :$b平凡社,$c1976.
=880  1\$6490-05/{dollar}1$a東洋文庫 ;$v289
=880  0\$6505-06/{dollar}1$a陸羽 茶経 -- 張又新 煎茶水記 -- 蘇 湯品 -- 葵襄 茶錄 -- 宋微宗 大観茶論 -- 熊蕃 宣和北苑貢茶錄 -- 趙汶礪 北苑別錄 -- 錢椿年 製茶新譜 -- 田藝衝 煮泉小品 -- 許次 茶疏.
=880  07$6650-07/{dollar}1$a茶道.$2jlabsh/4
=880  1\$6700-08/{dollar}1$a中村喬,$d1936-
=880  \0$6830-09/{dollar}1$a東洋文庫 ;$v289.
=859  \\$aORR$bJapanKnowledge
=CAT  \\$aW1704-1242$b00$c20170509$lBLL01$h0927
=CAT  \\$aBATCH-UPD$b00$c20170509$lBLL01$h0935
=CAT  \\$aBATCH-UPD$b00$c20170509$lBLL01$h0939
=CAT  \\$aW2003-0365$c20200305$lBLL01$h1101
=FIN  \\$aY$d20170509
=SID  \\$aZ30$bOCLC
=SRC  \\$aJapanKnowledge_2017$bJK_OCLC20170203.mrc
=LAS  \\$aW2003-0365$b00$c20200305$lBLL01$h1101

