=LDR  02665 am a2200685 a 4500
=001  018338221
=003  Uk
=005  20170106043045.0
=006  m\\\\\o\\d\\\\\\\\
=007  cr\un|||||||||
=008  120403s2001\\\\ja\a\\\\ob\\\\001\0\jpn\d
=FMT  \\$a  BK
=020  \\$z4582806937
=020  \\$z9784582806939
=035  \\$a(OCoLC)783318439
=040  \\$aCUS$beng$cCUS$dOCLCO$dOCLCQ$dOCLCA$dOCLCF$dYUS$dOCLCQ$dOCLCO$dYUS$dOCLCO$dOCLCQ$dYUS$dOCLCO$dUk
=041  1\$ajpn$heng$hgrc
=050  \4$aPZ49.42$b.A3 2001
=130  0\$aAesop's fables.$lJapanese.
=245  10$6880-01$aTsūzoku Isoppu monogatari /$cWatanabe On yaku ; Tanikawa Keiichi kaisetsu.
=246  30$6880-02$aIsoppu monogatari
=250  \\$6880-03$aShohan.
=260  \\$6880-04$aTōkyō :$bHeibonsha,$c2001.
=300  \\$a1 online resource (309 pages) :$billustrations.
=336  \\$atext$btxt$2rdacontent
=337  \\$acomputer$bc$2rdamedia
=338  \\$aonline resource$bcr$2rdacarrier
=490  1\$6880-05$aTōyō bunko ;$v693
=500  \\$aBased on: James' fables of Aesop. 1863. Cf. p. 279.
=500  \\$aTranslations of: The fables of Aesop.
=504  \\$aIncludes bibliographical references and index.
=588  0\$aPrint version record.
=630  00$aAesop's fables$vAdaptations.
=630  07$aAesop's fables.$2fast$0(OCoLC)fst01356097
=655  \7$aAdaptations.$2fast$0(OCoLC)fst01423910
=700  0\$aAesop.
=700  1\$6880-06$aWatanabe, On,$d1837-1898
=700  1\$6880-07$aTanikawa, Keiichi,$d1954-
=700  1\$aJames, Thomas,$d1809-1863.
=773  0\$tJapanKnowledge
=776  08$iPrint version:$tTsūzoku Isoppu monogatari.$bShohan.$dTōkyō : Heibonsha, 2001$z4582806937
=830  \0$6880-08$aTōyō bunko$v693.
=856  40$3JapanKnowledge$uhttp://japanknowledge.com/lib/display/?lid=80010V0693P0002$yJapanKnowledge Lib
=880  10$6245-01/{dollar}1$a通俗伊蘇普物語 /$c渡部温訳 ; 谷川恵一解說.
=880  30$6246-02/{dollar}1$a伊蘇普物語
=880  \\$6250-03/{dollar}1$a初版.
=880  \\$6260-04/{dollar}1$a東京 :$b平凡社,$c2001.
=880  1\$6490-05/{dollar}1$a東洋文庫 ;$v693
=880  1\$6700-06/{dollar}1$a渡部温,$d1837-1898.
=880  1\$6700-07/{dollar}1$a谷川恵一,$d1954-
=880  \0$6830-08/{dollar}1$a東洋文庫 ;$v693.
=859  \\$aORR$bJapanKnowledge
=CAT  \\$aW1704-1242$b00$c20170509$lBLL01$h0927
=CAT  \\$aBATCH-UPD$b00$c20170509$lBLL01$h0935
=CAT  \\$aBATCH-UPD$b00$c20170509$lBLL01$h0939
=CAT  \\$aW2003-0365$c20200305$lBLL01$h1101
=FIN  \\$aY$d20170509
=SID  \\$aZ30$bOCLC
=SRC  \\$aJapanKnowledge_2017$bJK_OCLC20170203.mrc
=LAS  \\$aW2003-0365$b00$c20200305$lBLL01$h1101

