=LDR  02018 am a22005534i 4500
=001  018338222
=003  Uk
=005  20170106043046.0
=006  m\\\\\o\\d\\\\\\\\
=007  cr\|||||||||||
=008  151113s1993\\\\ja\\\\\\o\\\\\000\0\jpn\d
=FMT  \\$a  BK
=020  \\$z4560057508
=020  \\$z9784560057506
=035  \\$a(OCoLC)929030543
=040  \\$aYUS$beng$cYUS$dYUS$dOCLCO$dOCLCF$dUk$erda$epn
=041  1\$ajpn$hfre
=245  00$6880-01$aSupōtsu no rekishi /$cReimon Toma [cho] ; Kuramochi Fumiya yaku.
=264  \1$6880-02$aTōkyō :$bHakusuisha,$c1993.
=300  \\$a1 online resource.
=336  \\$atext$btxt$2rdacontent
=337  \\$acomputer$bc$2rdamedia
=338  \\$aonline resource$bcr$2rdacarrier
=490  1\$6880-03$aBunko kuseju ;$v750
=588  \\$aDescription based on print version.
=650  \0$aSports$xHistory.
=650  \7$aSports.$2fast$0(OCoLC)fst01130432
=655  \7$aHistory.$2fast$0(OCoLC)fst01411628
=700  1\$6880-04$aKuramochi, Fumiya,$d1946-
=700  1\$aThomas, Raymond.
=730  0\$aHistoire du sport.
=773  0\$tJapanKnowledge
=776  08$iPrint version:$tSupōtsu no rekishi.
=830  \0$6880-05$aBunko kuseju$v750.
=856  40$3JapanKnowledge$uhttp://japanknowledge.com/lib/display/?lid=8021007500000$yJapanKnowledge Lib
=880  00$6245-01/{dollar}1$aスポーツの歴史 /$cレイモン・トマ [著] ; 蔵持不三也訳.
=880  \1$6264-02/{dollar}1$a東京 :$b白水社,$c1993.
=880  1\$6490-03/{dollar}1$a文庫クセジュ ;$v750
=880  1\$6700-04/{dollar}1$a蔵持不三也,$d1946-
=880  \0$6830-05/{dollar}1$a文庫クセジュ ;$v750.
=859  \\$aORR$bJapanKnowledge
=CAT  \\$aW1704-1242$b00$c20170509$lBLL01$h0927
=CAT  \\$aBATCH-UPD$b00$c20170509$lBLL01$h0935
=CAT  \\$aBATCH-UPD$b00$c20170509$lBLL01$h0939
=CAT  \\$aW2003-0365$c20200305$lBLL01$h1101
=FIN  \\$aY$d20170509
=SID  \\$aZ30$bOCLC
=SRC  \\$aJapanKnowledge_2017$bJK_OCLC20170203.mrc
=LAS  \\$aW2003-0365$b00$c20200305$lBLL01$h1101

