=LDR  02422 am a22005894i 4500
=001  018338223
=003  Uk
=005  20170106043046.0
=006  m\\\\\o\\d\\\\\\\\
=007  cr\|||||||||||
=008  160115s1995\\\\ja\\\\\\o\\\\\000\0\jpn\d
=FMT  \\$a  BK
=020  \\$z4560057656
=020  \\$z9784560057650
=035  \\$a(OCoLC)934799120
=040  \\$aSTF$beng$cYUS$dOCLCO$dYUS$dOCLCO$dOCLCF$dUk$erda$epn
=041  1\$ajpn$hfre
=050  \4$aND1260$b.R8163 1995
=100  1\$aRudel, Jean,$eauthor.
=240  10$aTechnique de la peinture.$lJapanese
=245  10$6880-01$aKaiga no gihō /$cJ. Ryuderu cho ; Kuroe Mitsuhiko yaku.
=264  \1$6880-02$aTōkyō :$bHakusuisha,$c1995.
=300  \\$a1 online resource.
=336  \\$atext$btxt$2rdacontent
=337  \\$acomputer$bc$2rdamedia
=338  \\$aonline resource$bcr$2rdacarrier
=490  1\$6880-03$aBunko kuseju ;$v765
=500  \\$aTranslation of: Paris : Technique de la peinture. Presses universitaires de France, 1994.
=588  \\$aDescription based on print version record.
=650  \0$aPainting$xTechnique.
=650  \7$aPainting$xTechnique.$2fast$0(OCoLC)fst01050624
=700  1\$6880-04,$aKuroe, Mitsuhiko,$d1935-$etranslator.
=730  0\$aTechnique de la peinture.
=773  0\$tJapanKnowledge
=776  08$6880-05$iPrint version:$aRudel, Jean.$sTechnique de la peinture. Japanese.$tKaiga no gihō.$dTōkyō : Hakusuisha, 1995
=830  \0$6880-06$aBunko kuseju$v765.
=856  40$3JapanKnowledge$uhttp://japanknowledge.com/lib/display/?lid=8021007650000$yJapanKnowledge Lib
=880  10$6245-01$a絵画の技法 /$cJ・リュデル著 ; 黒江光彦訳.
=880  \1$6264-02$a東京 :$b白水社,$c1995.
=880  1\$6490-03$a文庫クセジュ ;$v765
=880  1\$6700-04$a黒江光彦,$d1935-,$etranslator.
=880  08$6776-05$iPrint version:$aRudel, Jean.$sTechnique de la peinture. Japanese.$t絵画の技法.$d東京 : 白水社, 1995$w(OCoLC)47298616
=880  \0$6830-06$a文庫クセジュ ;$v765.
=859  \\$aORR$bJapanKnowledge
=CAT  \\$aW1704-1242$b00$c20170509$lBLL01$h0927
=CAT  \\$aBATCH-UPD$b00$c20170509$lBLL01$h0935
=CAT  \\$aBATCH-UPD$b00$c20170509$lBLL01$h0939
=CAT  \\$aW2003-0365$c20200305$lBLL01$h1101
=FIN  \\$aY$d20170509
=SID  \\$aZ30$bOCLC
=SRC  \\$aJapanKnowledge_2017$bJK_OCLC20170203.mrc
=LAS  \\$aW2003-0365$b00$c20200305$lBLL01$h1101

