=LDR  02416 am a22005894i 4500
=001  018338224
=003  Uk
=005  20170106043046.0
=006  m\\\\\o\\d\\\\\\\\
=007  cr\|||||||||||
=008  160115s1972\\\\ja\\\\\\ob\\\\000\0\jpn\d
=FMT  \\$a  BK
=020  \\$z4560055149
=020  \\$z9784560055144
=035  \\$a(OCoLC)934799026
=040  \\$aSTF$beng$cYUS$dOCLCO$dYUS$dOCLCO$dOCLCF$dUk$erda$epn
=041  1\$ajpn$hfre
=050  \4$aP325$b.G8163 1972
=100  1\$aGuiraud, Pierre,$eauthor.
=240  10$aSémiologie.$lJapanese
=245  10$6880-01$aKigōgaku :$bimi sayō to komyunikeishon /$cPiēru Girō cho ; Satō Nobuo yaku.
=264  \1$6880-02$aTōkyō :$bHakusuisha,$c1972.
=300  \\$a1 online resource.
=336  \\$atext$btxt$2rdacontent
=337  \\$acomputer$bc$2rdamedia
=338  \\$aonline resource$bcr$2rdacarrier
=490  1\$6880-03$aBunko kuseju ;$v514
=500  \\$aTranslation of: La sémiologie. Paris : Presses universitaires de France, 1971.
=504  \\$aIncludes bibliographical references.
=588  \\$aDescription based on print version record.
=650  \0$aSemantics.
=650  \7$aSemantics.$2fast$0(OCoLC)fst01112079
=700  1\$6880-04,$aSatō, Nobuo,$d1932-$etranslator.
=730  0\$aSémiologie.
=773  0\$tJapanKnowledge
=776  08$6880-05$iPrint version:$aGuiraud, Pierre.$sSémiologie. Japanese.$tKigōgaku.$dTōkyō : Hakusuisha, 1972
=830  \0$6880-06$aBunko kuseju$v514.
=856  40$3JapanKnowledge$uhttp://japanknowledge.com/lib/display/?lid=8021005140000$yJapanKnowledge Lib
=880  10$6245-01$a記号学 :$b意味作用とコミュニケイション /$cピエール・ギロー著 ; 佐藤信夫訳.
=880  \1$6264-02$a東京 :$b白水社,$c1972.
=880  1\$6490-03$a文庫クセジュ ;$v514
=880  1\$6700-04$a佐藤信夫,$d1932-$etranslator.
=880  08$6776-05$iPrint version:$aGuiraud, Pierre.$sSémiologie. Japanese.$t記号学.$d東京 : 白水社, 1972$w(OCoLC)33556000
=880  \0$6830-06$a文庫クセジュ ;$v514.
=859  \\$aORR$bJapanKnowledge
=CAT  \\$aW1704-1242$b00$c20170509$lBLL01$h0927
=CAT  \\$aBATCH-UPD$b00$c20170509$lBLL01$h0935
=CAT  \\$aW2003-0365$c20200305$lBLL01$h1101
=FIN  \\$aY$d20170509
=SID  \\$aZ30$bOCLC
=SRC  \\$aJapanKnowledge_2017$bJK_OCLC20170203.mrc
=LAS  \\$aW2003-0365$b00$c20200305$lBLL01$h1101

