=LDR  02461 am a22005897a 4500
=001  018338225
=003  Uk
=005  20170106043047.0
=006  m\\\\\o\\d\\\\\\\\
=007  cr\un|||||||||
=008  090107s1994\\\\ja\a\\\\ob\\\\000\0\jpn\d
=FMT  \\$a  BK
=035  \\$a(OCoLC)297377022
=040  \\$aOCLCE$beng$cOCLCE$dOCLCQ$dCUS$dOCLCQ$dOCLCF$dYUS$dOCLCO$dYUS$dOCLCO$dOCLCQ$dYUS$dOCLCO$dUk$epn
=043  \\$aa-ja---
=100  1\$aThunberg, Carl Peter,$d1743-1828.
=240  10$aResa uti Europa, Africa, Asia.$nPart 3-4.$lJapanese
=245  10$6880-01$aEdo sanpu zuikōki /$cC.P. Tsyunberī ; Takahashi Fumi yaku.
=250  \\$6880-02$aShohan.
=260  \\$6880-03$aTōkyō :$bHeibonsha,$c1994.
=300  \\$a1 online resource (406 pages) :$billustrations.
=336  \\$atext$btxt$2rdacontent
=337  \\$acomputer$bc$2rdamedia
=338  \\$aonline resource$bcr$2rdacarrier
=490  1\$6880-04$aTōyō bunko ;$v583
=504  \\$aIncludes bibliographical references.
=588  0\$aPrint version record.
=600  10$aThunberg, Carl Peter,$d1743-1828.
=600  17$aThunberg, Carl Peter,$d1743-1828$2fast$0(OCoLC)fst00156844
=650  \7$aTravel.$2fast$0(OCoLC)fst01155558
=651  \0$aJapan$xDescription and travel$vEarly works to 1800.
=651  \7$aJapan.$2fast$0(OCoLC)fst01204082
=655  \7$aEarly works.$2fast$0(OCoLC)fst01411636
=700  1\$6880-05$aTakahashi, Fumi.
=773  0\$tJapanKnowledge
=776  08$iPrint version:$aThunberg, Carl Peter, 1743-1828.$sResa uti Europa, Africa, Asia. Part 3-4. Japanese.$tEdo sanpu zuikōki.$bShohan.$dTōkyō : Heibonsha, 1994$z4582805833$z9784582805833
=830  \0$6880-06$aTōyō bunko$v583.
=856  40$3JapanKnowledge$uhttp://japanknowledge.com/lib/display/?lid=80010V0583P0002$yJapanKnowledge Lib
=880  10$6245-01/{dollar}1$a江戶参府随行記 /$cC.P. ツュンベリー ; 高橋文訳.
=880  \\$6250-02/{dollar}1$a初版.
=880  \\$6260-03/{dollar}1$a東京 :$b平凡社,$c1994.
=880  1\$6490-04/{dollar}1$a東洋文庫 ;$v583
=880  1\$6700-05/{dollar}1$a高橋文.
=880  \0$6830-06/{dollar}1$a東洋文庫 ;$v583.
=859  \\$aORR$bJapanKnowledge
=CAT  \\$aW1704-1242$b00$c20170509$lBLL01$h0927
=CAT  \\$aBATCH-UPD$b00$c20170509$lBLL01$h0935
=CAT  \\$aW2003-0365$c20200305$lBLL01$h1101
=FIN  \\$aY$d20170509
=SID  \\$aZ30$bOCLC
=SRC  \\$aJapanKnowledge_2017$bJK_OCLC20170203.mrc
=LAS  \\$aW2003-0365$b00$c20200305$lBLL01$h1101

