=LDR  02641 am a22006617a 4500
=001  018338226
=003  Uk
=005  20170106043047.0
=006  m\\\\\o\\d\\\\\\\\
=007  cr\unu---uuaua
=008  090109s1993\\\\ja\a\\\\o\\\\\000\0\jpn\d
=FMT  \\$a  BK
=035  \\$a(OCoLC)297958538
=040  \\$aOCLCE$beng$cOCLCE$dOCLCQ$dCUS$dOCLCQ$dOCLCF$dOCLCO$dYUS$dOCLCO$dOCLCA$dYUS$dOCL$dOCLCQ$dYUS$dOCLCO$dUk$epn
=043  \\$aa-ja---
=050  \4$aBJ2007.J3$bD35 1993
=245  00$6880-01$aDaishoreishū :$bOgasawara-ryū reihō densho /$cShimada Isao, Higuchi Motomi kōtei.
=250  \\$6880-02$aShohan.
=260  \\$6880-03$aTōkyō :$bHeibonsha,$c1993.
=300  \\$a1 online resource (2 volumes).
=336  \\$atext$btxt$2rdacontent
=337  \\$acomputer$bc$2rdamedia
=338  \\$aonline resource$bcr$2rdacarrier
=490  1\$6880-04$aTōyō bunko
=588  0\$aPrint version record.
=648  \7$a1600-1868$2fast
=650  \0$aEtiquette$zJapan.
=650  \7$aEtiquette.$2fast$0(OCoLC)fst00916277
=650  \7$aManners and customs.$2fast$0(OCoLC)fst01007815
=651  \0$aJapan$xSocial life and customs$y1600-1868.
=651  \7$aJapan.$2fast$0(OCoLC)fst01204082
=653  \\$6880-05$aReigi sahō.
=653  \\$6880-06$aBukekojitsu.
=700  1\$6880-07$aShimada, Isao,$d1911-1990
=700  1\$6880-08$aHiguchi, Motomi,$d1941-
=773  0\$tJapanKnowledge
=776  08$iPrint version:$tDaishorei shū.$bShohan.$dTōkyō : Heibonsha, 1993$z4582805612$z9784582805611
=830  \0$6880-09$aTōyō bunko
=856  40$3JapanKnowledge Volume 1$uhttp://japanknowledge.com/lib/display/?lid=80010V0561P0002$yJapanKnowledge Lib
=856  40$3JapanKnowledge Volume 2$uhttp://japanknowledge.com/lib/display/?lid=80010V0562P0002$yJapanKnowledge Lib
=880  00$6245-01/{dollar}1$a大諸礼集 :$b小笠原流礼法伝書 /$c島田勇雄, 樋口元巳校訂.
=880  \\$6250-02/{dollar}1$a初版.
=880  \\$6260-03/{dollar}1$a東京 :$b平凡社,$c1993.
=880  1\$6490-04/{dollar}1$a東洋文庫
=880  \\$6653-05/{dollar}1$a礼儀作法.
=880  \\$6653-06/{dollar}1$a武家故実.
=880  1\$6700-07/{dollar}1$a島田勇雄,$d1911-
=880  1\$6700-08/{dollar}1$a樋口元巳,$d1941-
=880  \0$6830-09/{dollar}1$a東洋文庫.
=859  \\$aORR$bJapanKnowledge
=CAT  \\$aW1704-1242$b00$c20170509$lBLL01$h0927
=CAT  \\$aBATCH-UPD$b00$c20170509$lBLL01$h0935
=CAT  \\$aBATCH-UPD$b00$c20170509$lBLL01$h0939
=CAT  \\$aW2003-0365$c20200305$lBLL01$h1101
=FIN  \\$aY$d20170509
=SID  \\$aZ30$bOCLC
=SRC  \\$aJapanKnowledge_2017$bJK_OCLC20170203.mrc
=LAS  \\$aW2003-0365$b00$c20200305$lBLL01$h1101

