=LDR  01943 am a22005054i 4500
=001  018338227
=003  Uk
=005  20170106043047.0
=006  m\\\\\o\\d\\\\\\\\
=007  cr\|||||||||||
=008  151113s1989\\\\ja\\\\\\o\\\\\000\0\jpn\d
=FMT  \\$a  BK
=020  \\$z4560056978
=020  \\$z9784560056974
=035  \\$a(OCoLC)929030680
=040  \\$aYUS$beng$cYUS$dYUS$dOCLCO$dOCLCF$dOCLCA$dUk$erda$epn
=245  00$6880-01$aOpusu Dei :$bKatorikku no atarashii ugoki /$cDominikku ru Turunō cho ; Ozaki Masaaki yaku.
=264  \1$6880-02$aTōkyō :$bHakusuisha,$c1989.
=300  \\$a1 online resource.
=336  \\$atext$btxt$2rdacontent
=337  \\$acomputer$bc$2rdamedia
=338  \\$aonline resource$bcr$2rdacarrier
=490  1\$6880-03$aBunko kuseju ;$v697
=588  \\$aDescription based on print version.
=610  20$aOpus Dei (Society)
=610  27$aOpus Dei (Society)$2fast$0(OCoLC)fst00530155
=700  1\$6880-04$aOzaki, Masaaki,$d1927-
=700  1\$aLe Tourneau, Dominique,$d1942-
=773  0\$tJapanKnowledge
=776  08$iPrint version:$tOpusu dei.
=830  \0$6880-05$aBunko kuseju$v697.
=856  40$3JapanKnowledge$uhttp://japanknowledge.com/lib/display/?lid=8021006970000$yJapanKnowledge Lib
=880  00$6245-01/{dollar}1$aオプス・デイ :$bカトリックの新しい動き /$cドミニック・ル・トゥルノー著 ; 尾崎正明訳.
=880  \1$6264-02/{dollar}1$a東京 :$b白水社,$c1989.
=880  1\$6490-03/{dollar}1$a文庫クセジュ ;$v697
=880  1\$6700-04/{dollar}1$a尾崎正明,$d1927-
=880  \0$6830-05/{dollar}1$a文庫クセジュ ;$v697.
=859  \\$aORR$bJapanKnowledge
=CAT  \\$aW1704-1242$b00$c20170509$lBLL01$h0927
=CAT  \\$aBATCH-UPD$b00$c20170509$lBLL01$h0935
=CAT  \\$aW2003-0365$c20200305$lBLL01$h1101
=FIN  \\$aY$d20170509
=SID  \\$aZ30$bOCLC
=SRC  \\$aJapanKnowledge_2017$bJK_OCLC20170203.mrc
=LAS  \\$aW2003-0365$b00$c20200305$lBLL01$h1101

