=LDR  02123 am a22005534i 4500
=001  018338228
=003  Uk
=005  20170106043048.0
=006  m\\\\\o\\d\\\\\\\\
=007  cr\|||||||||||
=008  151113s2007\\\\ja\\\\\\o\\\\\000\0\jpn\d
=FMT  \\$a  BK
=020  \\$z4560509115
=020  \\$z9784560509111
=035  \\$a(OCoLC)929031352
=040  \\$aCNEAL$beng$cYUS$dOCLCO$dYUS$dOCLCO$dOCLCF$dOCL$dUk$erda$epn
=041  1\$ajpn$hfre
=050  \4$aDK851$b.R89165 2007
=100  1\$aRoy, Olivier,$d1949-$eauthor.
=245  10$6880-01$aGendai Chūō Ajia :$bIsuramu nashonarizumu sekiyu shigen /$cOrivie Rowa cho ; Saitō Kagumi yaku.
=264  \1$6880-02$aTōkyō :$bHakusuisha,$c2007.
=300  \\$a1 online resource.
=336  \\$atext$btxt$2rdacontent
=337  \\$acomputer$bc$2rdamedia
=338  \\$aonline resource$bcr$2rdacarrier
=490  1\$6880-03$aBunko kuseju ;$v911
=588  \\$aDescription based on print version.
=648  \7$a1900-1999$2fast
=651  \0$aAsia, Central$y20th century.
=651  \7$aAsia, Central.$2fast$0(OCoLC)fst01240497
=700  1\$6880-04$aSaitō, Kagumi,$d1964-
=730  0\$aAsie centrale contemporaine.
=773  0\$tJapanKnowledge
=776  08$iPrint version:$tGendai chūō ajia
=830  \0$6880-05$aBunko kuseju$v911.
=856  40$3JapanKnowledge$uhttp://japanknowledge.com/lib/display/?lid=8021009110000$yJapanKnowledge Lib
=880  10$6245-01/{dollar}1$a現代中央アジア :$bイスラム, ナショナリズム, 石油資源 /$cオリヴィエ・ロワ著 ; 斎藤かぐみ訳.
=880  \1$6264-02/{dollar}1$a東京 :$b白水社,$c2007.
=880  1\$6490-03/{dollar}1$a文庫クセジュ ;$v911
=880  1\$6700-04/{dollar}1$a斎藤かぐみ,$d1964-
=880  \0$6830-05/{dollar}1$a文庫クセジュ ;$v911.
=859  \\$aORR$bJapanKnowledge
=CAT  \\$aW1704-1242$b00$c20170509$lBLL01$h0927
=CAT  \\$aBATCH-UPD$b00$c20170509$lBLL01$h0935
=CAT  \\$aW2003-0365$c20200305$lBLL01$h1101
=FIN  \\$aY$d20170509
=SID  \\$aZ30$bOCLC
=SRC  \\$aJapanKnowledge_2017$bJK_OCLC20170203.mrc
=LAS  \\$aW2003-0365$b00$c20200305$lBLL01$h1101

