=LDR  02545 am a2200661 a 4500
=001  018338229
=003  Uk
=005  20170106043048.0
=006  m\\\\\o\\d\\\\\\\\
=007  cr\un|||||||||
=008  100315s1969\\\\ja\\\\\\o\\\\\000\e\jpn\d
=FMT  \\$a  BK
=019  \\$a301042103
=020  \\$a4256181369$q(electronic bk.)
=020  \\$a9784256181362$q(electronic bk.)
=020  \\$z4582801439
=035  \\$a(OCoLC)556962570$z(OCoLC)301042103
=040  \\$aOCLCE$beng$cOCLCE$dOCLCQ$dCUS$dOCLCQ$dN{dollar}T$dOCLCQ$dOCLCF$dYUS$dOCLCO$dYUS$dOCLCO$dOCLCQ$dOCL$dOCLCQ$dYUS$dOCLCO$dUk$epn
=042  \\$adlr
=050  \4$aPL795.S8$bA6 1969
=072  \7$aLIT$x008000$2bisacsh
=082  04$a895.6434$223
=100  1\$6880-01$aSugae, Masumi,$d1754-1829
=245  10$6880-02$aSugae Masumi zuihitsushū /$cUchida Takeshi hen.
=250  \\$6880-03$aShohan.
=260  \\$6880-04$aTōkyō :$bHeibonsha,$cShōwa 44 [1969]
=300  \\$a1 online resource.
=336  \\$atext$btxt$2rdacontent
=337  \\$acomputer$bc$2rdamedia
=338  \\$aonline resource$bcr$2rdacarrier
=490  1\$6880-05$aTōyō bunko ;$v143
=588  0\$aPrint version record.
=648  \7$a1600-1868$2fast
=650  \0$aJapanese essays$yEdo period, 1600-1868.
=650  \7$aJapanese essays$xEdo period.$2fast$0(OCoLC)fst01711077
=650  \7$aLITERARY CRITICISM$xAsian$xGeneral.$2bisacsh
=655  \4$aElectronic books.
=700  1\$6880-06$aUchida, Takeshi,$d1909-1980
=773  0\$tJapanKnowledge
=776  08$iPrint version:$aSugae, Masumi, 1754-1829.$tSugae Masumi zuihitsushū.$dTōkyō : Heibonsha, Shōwa 44 [1969]
=830  \0$6880-07$aTōyō bunko$v143.
=856  40$3JapanKnowledge$uhttp://japanknowledge.com/lib/display/?lid=80010V0143P0002$yJapanKnowledge Lib
=880  1\$6100-01/{dollar}1$a菅江真澄,$d1754-1829.
=880  10$6245-02/{dollar}1$a菅江真澄随筆集 /$c内田武志編.
=880  \\$6250-03/{dollar}1$a初版.
=880  \\$6260-04/{dollar}1$a東京 :$b平凡社,$c昭和44 [1969]
=880  1\$6490-05/{dollar}1$a東洋文庫 ;$v143
=880  1\$6700-06/{dollar}1$a内田武志,$d1909-1980.
=880  \0$6830-07/{dollar}1$a東洋文庫 ;$v143.
=859  \\$aORR$bJapanKnowledge
=CAT  \\$aW1704-1242$b00$c20170509$lBLL01$h0927
=CAT  \\$aBATCH-UPD$b00$c20170509$lBLL01$h0935
=CAT  \\$aBATCH-UPD$b00$c20170509$lBLL01$h0939
=CAT  \\$aW2003-0365$c20200305$lBLL01$h1101
=FIN  \\$aY$d20170509
=SID  \\$aZ30$bOCLC
=SRC  \\$aJapanKnowledge_2017$bJK_OCLC20170203.mrc
=LAS  \\$aW2003-0365$b00$c20200305$lBLL01$h1101

