=LDR  02614 am a22006737i 4500
=001  018338230
=003  Uk
=005  20170106043048.0
=006  m\\\\\o\\d\\\\\\\\
=007  cr\un|||||||||
=008  090131s1969\\\\ja\\\\\\o\\\\\000\0\jpn\d
=FMT  \\$a  BK
=019  \\$a645404852
=035  \\$a(OCoLC)300847295$z(OCoLC)645404852
=040  \\$aOCLCE$beng$cOCLCE$dOCLCQ$dOCLCA$dCUS$dOCLCQ$dCHVBK$dOCLCQ$dOCLCO$dOCLCQ$dOCLCF$dOCLCO$dYUS$dOCLCO$dYUS$dOCLCO$dOCLCQ$dYUS$dOCLCO$dUk$epn
=042  \\$adlr
=043  \\$aa-ja---
=050  \4$aGR340$b.Y34
=100  1\$6880-01$aYanagita, Kunio,$d1875-1962
=245  10$6880-02$aSantō mintanshū /$cYanagita Kunio cho, Seki Keigo, Ōtō Tokihiko hen.
=250  \\$6880-03$aZōhoban.
=260  \\$6880-04$aTōkyō :$bHeibonsha,$cShōwa 44 [1969]
=300  \\$a1 online resource (18, 404 pages).
=336  \\$atext$btxt$2rdacontent
=337  \\$acomputer$bc$2rdamedia
=338  \\$aonline resource$bcr$2rdacarrier
=490  1\$6880-05$aTōyō bunko ;$v137
=588  0\$aPrint version record.
=650  \0$aFolklore$zJapan.
=650  \7$aFolklore.$2fast$0(OCoLC)fst00930306
=650  \7$aMärchen$2gnd
=650  \7$aVolkserzählung$2gnd
=651  \7$aJapan.$2fast$0(OCoLC)fst01204082
=651  \7$aJapan.$2gnd
=700  1\$6880-06$aSeki, Keigo,$d1899-1990
=700  1\$6880-07$aŌtō, Tokihiko,$d1902-1990
=773  0\$tJapanKnowledge
=776  08$iPrint version:$aYanagita, Kunio, 1875-1962.$tSantō mintanshū.$bZōhoban.$dTōkyō : Heibonsha, Shōwa 44 [1969]
=830  \0$6880-08$aTōyō bunko$v137.
=856  40$3JapanKnowledge$uhttp://japanknowledge.com/lib/display/?lid=80010V0137P0002$yJapanKnowledge Lib
=880  1\$6100-01/{dollar}1$a柳田国男,$d1875-1962.
=880  10$6245-02/{dollar}1$a山島民譚集 /$c柳田国男著, 関敬吾, 大藤時彥編.
=880  \\$6250-03/{dollar}1$a増補版.
=880  \\$6260-04/{dollar}1$a東京 :$b平凡社,$c昭和 44 [1969]
=880  1\$6490-05/{dollar}1$a東洋文庫 ;$v137
=880  1\$6700-06/{dollar}1$a関敬吾,$d1899-1990.
=880  1\$6700-07/{dollar}1$a大藤時彥,$d1902-
=880  \0$6830-08/{dollar}1$a東洋文庫 ;$v137.
=859  \\$aORR$bJapanKnowledge
=CAT  \\$aW1704-1242$b00$c20170509$lBLL01$h0927
=CAT  \\$aBATCH-UPD$b00$c20170509$lBLL01$h0935
=CAT  \\$aBATCH-UPD$b00$c20170509$lBLL01$h0939
=CAT  \\$aW2003-0365$c20200305$lBLL01$h1101
=FIN  \\$aY$d20170509
=SID  \\$aZ30$bOCLC
=SRC  \\$aJapanKnowledge_2017$bJK_OCLC20170203.mrc
=029  1\$aCHBIS$b009792524
=029  1\$aCHVBK$b175086311
=LAS  \\$aW2003-0365$b00$c20200305$lBLL01$h1101

