=LDR  02952 am a22007097a 4500
=001  018338231
=003  Uk
=005  20170106043049.0
=006  m\\\\\o\\d\\\\\\\\
=007  cr\|||||||||||
=008  100323s1984\\\\ja\a\\\\o\\\\\000\0bjpn\d
=FMT  \\$a  BK
=019  \\$a300575091$a659420434
=035  \\$a(OCoLC)567928254$z(OCoLC)300575091$z(OCoLC)659420434
=040  \\$aOCLCE$beng$cOCLCE$dOCLCQ$dCUS$dOCLCQ$dOCLCF$dOCLCO$dOCL$dYUS$dOCLCO$dYUS$dOCL$dOCLCQ$dYUS$dOCLCO$dUk$epn
=042  \\$adlr
=043  \\$aa-ja---
=050  \4$aDS884.H6$bH67 1984
=245  00$6880-01$aHoshi Tōru to sono jidai /$cNozawa Keiichi hencho ; Kawasaki Masaru, Hirose Yoshihiro kōchū.
=250  \\$6880-02$aShohan.
=260  \\$6880-03$aTōkyō :$bHeibonsha,$c1984.
=300  \\$a1 online resource (2 volumes) :$billustrations.
=336  \\$atext$btxt$2rdacontent
=337  \\$acomputer$bc$2rdamedia
=338  \\$aonline resource$bcr$2rdacarrier
=490  1\$6880-04$aTōyō bunko ;$v437-438
=588  0\$aPrint version record.
=600  10$6880-05$aHoshi, Tōru,$d1850-1901
=600  17$aHoshi, Tōru,$d1850-1901$2fast$0(OCoLC)fst00120170
=648  \7$a1868-1912$2fast
=650  \0$aCabinet officers$zJapan$vBiography.
=650  \7$aCabinet officers.$2fast$0(OCoLC)fst00843535
=650  \7$aPolitics and government$2fast$0(OCoLC)fst01919741
=651  \0$aJapan$xPolitics and government$y1868-1912.
=651  \7$aJapan.$2fast$0(OCoLC)fst01204082
=655  \7$aBiography.$2fast$0(OCoLC)fst01423686
=700  1\$6880-06$aNozawa, Keiichi.
=700  1\$6880-07$aKawasaki, Masaru,$d1942-
=700  1\$6880-08$aHirose, Yoshihiro,$d1944-
=773  0\$tJapanKnowledge
=776  08$iPrint version:$tHoshi Tōru to sono jidai.$bShohan.$dTōkyō : Heibonsha, 1984
=830  \0$6880-09$aTōyō bunko$v437-438.
=856  40$3JapanKnowledge Volume 1$uhttp://japanknowledge.com/lib/display/?lid=80010V0437P0002$yJapanKnowledge Lib
=856  40$3JapanKnowledge Volume 2$uhttp://japanknowledge.com/lib/display/?lid=80010V0438P0002$yJapanKnowledge Lib
=880  00$6245-01/{dollar}1$a星亨とその時代 /$c野沢雞一編著 ; 川崎勝, 広瀬順晧校注.
=880  \\$6250-02/{dollar}1$a初版.
=880  \\$6260-03/{dollar}1$a東京 :$b平凡社,$c1984.
=880  1\$6490-04/{dollar}1$a東洋文庫 ;$v437-438
=880  14$6600-05/{dollar}1$a星亨,$d1850-1901.
=880  1\$6700-06/{dollar}1$a野沢雞一.
=880  1\$6700-07/{dollar}1$a川崎勝,$d1942-
=880  1\$6700-08/{dollar}1$a広瀬順晧,$d1944-
=880  \0$6830-09/{dollar}1$a東洋文庫 ;$v437-438.
=859  \\$aORR$bJapanKnowledge
=CAT  \\$aW1704-1242$b00$c20170509$lBLL01$h0927
=CAT  \\$aBATCH-UPD$b00$c20170509$lBLL01$h0935
=CAT  \\$aBATCH-UPD$b00$c20170509$lBLL01$h0939
=CAT  \\$aW2003-0365$c20200305$lBLL01$h1101
=FIN  \\$aY$d20170509
=SID  \\$aZ30$bOCLC
=SRC  \\$aJapanKnowledge_2017$bJK_OCLC20170203.mrc
=LAS  \\$aW2003-0365$b00$c20200305$lBLL01$h1101

