=LDR  02927 am a22007337a 4500
=001  018338232
=003  Uk
=005  20170106043049.0
=006  m\\\\\o\\d\\\\\\\\
=007  cr\|||||||||||
=008  111006s1998\\\\ja\ac\\\o\\\\\000\0\jpn\d
=FMT  \\$a  BK
=019  \\$a301121863
=020  \\$z4582806392
=020  \\$z9784582806397
=035  \\$a(OCoLC)755989046$z(OCoLC)301121863
=040  \\$aOCLCE$beng$cOCLCE$dCUS$dOCLCQ$dOCLCO$dOCLCF$dOCLCO$dYUS$dOCLCO$dYUS$dOCLCO$dOCLCQ$dYUS$dOCLCO$dUk$epn
=042  \\$adlr
=043  \\$aa-ja---
=050  \4$aZ463$b.S35 1998
=084  \\$a020.4$2njb/9
=100  1\$6880-01$aSaitō, Shōzō,$d1887-1961
=245  10$6880-02$aKanban shokoku junreiki /$cSaitō Shōzō cho ; Kōno Toshirō kaisetsu.
=246  30$6880-03$aShokoku junreiki
=250  \\$6880-04$aShohan.
=260  \\$6880-05$aTōkyō :$bHeibonsha,$c1998.
=300  \\$a1 online resource (380 pages) :$billustrations, portrait.
=336  \\$atext$btxt$2rdacontent
=337  \\$acomputer$bc$2rdamedia
=338  \\$aonline resource$bcr$2rdacarrier
=490  1\$6880-06$aTōyō bunko ;$v639
=588  0\$aPrint version record.
=600  10$6880-07$aSaitō, Shōzō,$d1887-1961$xBooks and reading.
=600  17$aSaitō, Shōzō,$d1887-1961$2fast$0(OCoLC)fst00087068
=650  \0$aBooks and reading$zJapan.
=650  \0$aPublishers and publishing$zJapan.
=650  \7$aBooks and reading.$2fast$0(OCoLC)fst00836454
=650  \7$aPublishers and publishing.$2fast$0(OCoLC)fst01083463
=650  07$6880-08$aTosho.$2jlabsh/3
=651  \7$aJapan.$2fast$0(OCoLC)fst01204082
=700  1\$6880-09$aKōno, Toshirō.
=773  0\$tJapanKnowledge
=776  08$iPrint version:$aSaitō, Shōzō, 1887-1961.$tKanban shokoku junreiki.$bShohan.$dTōkyō : Heibonsha, 1998$z4582806392$z9784582806397
=830  \0$6880-10$aTōyō bunko$v639.
=856  40$3JapanKnowledge$uhttp://japanknowledge.com/lib/display/?lid=80010V0639P0002$yJapanKnowledge Lib
=880  1\$6100-01/{dollar}1$a斎藤昌三,$d1887-1961.
=880  10$6245-02/{dollar}1$a閑板書国巡礼記 /$c斎藤昌三著 ; 紅野敏郎解說.
=880  30$6246-03/{dollar}1$a書国巡礼記
=880  \\$6250-04/{dollar}1$a初版.
=880  \\$6260-05/{dollar}1$a東京 :$b平凡社,$c1998.
=880  1\$6490-06/{dollar}1$a東洋文庫 ;$v639
=880  \\$6500-00/{dollar}1$a解說:紅野敏郎.
=880  14$6600-07/{dollar}1$a齋藤昌三,$d1887-1961$xBooks and reading.
=880  07$6650-08/{dollar}1$a図書.$2jlabsh/3
=880  1\$6700-09/{dollar}1$a紅野敏郎.
=880  \0$6830-10/{dollar}1$a東洋文庫 ;$v639.
=859  \\$aORR$bJapanKnowledge
=CAT  \\$aW1704-1242$b00$c20170509$lBLL01$h0927
=CAT  \\$aBATCH-UPD$b00$c20170509$lBLL01$h0935
=CAT  \\$aW2003-0365$c20200305$lBLL01$h1101
=FIN  \\$aY$d20170509
=SID  \\$aZ30$bOCLC
=SRC  \\$aJapanKnowledge_2017$bJK_OCLC20170203.mrc
=LAS  \\$aW2003-0365$b00$c20200305$lBLL01$h1101

