=LDR  02735 am a22007097a 4500
=001  018338233
=003  Uk
=005  20170106043050.0
=006  m\\\\\o\\d\\\\\\\\
=007  cr\|||||||||||
=008  111006s1999\\\\ja\\\\\\ob\\\\000\0\jpn\d
=FMT  \\$a  BK
=019  \\$a300490484
=020  \\$z4582806619
=020  \\$z9784582806618
=035  \\$a(OCoLC)756000127$z(OCoLC)300490484
=040  \\$aOCLCE$beng$cOCLCE$dCUS$dOCLCQ$dOCLCF$dOCLCQ$dYUS$dOCLCO$dYUS$dOCLCO$dOCLCQ$dYUS$dOCLCO$dUk$epn
=041  1\$ajpn$hfre
=042  \\$adlr
=043  \\$aa-cc---
=050  \4$aBL1801$b.G513 1999
=100  1\$aGranet, Marcel,$d1884-1940.
=240  10$aReligion des Chinois.$lJapanese
=245  10$6880-01$aChūgokujin no shūkyō /$cMaruseru Gurane ; Kurimoto Kazuo yaku.
=250  \\$6880-02$aShohan.
=260  \\$6880-03$aTōkyō :$bHeibonsha,$c1999.
=300  \\$a1 online resource (253 pages).
=336  \\$atext$btxt$2rdacontent
=337  \\$acomputer$bc$2rdamedia
=338  \\$aonline resource$bcr$2rdacarrier
=490  1\$6880-04$aTōyō bunko ;$v661
=500  \\$aTranslation of: La religion des Chinois.
=504  \\$aIncludes bibliographical references.
=588  0\$aPrint version record.
=650  \0$aCults$zChina.
=650  \7$6880-05$aShukyo$xChugoku.$2jlabsh
=650  \7$aCults.$2fast$0(OCoLC)fst00884980
=650  \7$aReligion.$2fast$0(OCoLC)fst01093763
=651  \0$aChina$xReligion.
=651  \7$aChina.$2fast$0(OCoLC)fst01206073
=700  1\$6880-06$aKurimoto, Kazuo,$d1935-
=773  0\$tJapanKnowledge
=776  08$iPrint version:$aGranet, Marcel, 1884-1940.$sReligion des Chinois. Japanese.$tChūgokujin no shūkyō.$bShohan.$dTōkyō : Heibonsha, 1999$z4582806619$z9784582806618
=830  \0$6880-07$aTōyō bunko$v661.
=856  40$3JapanKnowledge$uhttp://japanknowledge.com/lib/display/?lid=80010V0661P0002$yJapanKnowledge Lib
=880  10$6245-01/{dollar}1$a中国人の宗敎 /$cマルセル・グラネ ; 栗本一男訳.
=880  \\$6250-02/{dollar}1$a初版.
=880  \\$6260-03/{dollar}1$a東京 :$b平凡社,$c1999.
=880  1\$6490-04/{dollar}1$a東洋文庫 ;$v661
=880  \\$6500-00/{dollar}1$a原著1922年刊の翻訳.
=880  \7$6650-05/{dollar}1$a宗教$x中国.$2jlabsh
=880  1\$6700-06/{dollar}1$a栗本一男,$d1935-
=880  \0$6830-07/{dollar}1$a東洋文庫 ;$v661.
=859  \\$aORR$bJapanKnowledge
=CAT  \\$aW1704-1242$b00$c20170509$lBLL01$h0927
=CAT  \\$aBATCH-UPD$b00$c20170509$lBLL01$h0935
=CAT  \\$aBATCH-UPD$b00$c20170509$lBLL01$h0939
=CAT  \\$aW2003-0365$c20200305$lBLL01$h1101
=FIN  \\$aY$d20170509
=SID  \\$aZ30$bOCLC
=SRC  \\$aJapanKnowledge_2017$bJK_OCLC20170203.mrc
=LAS  \\$aW2003-0365$b00$c20200305$lBLL01$h1101

