=LDR  02087 am a22005654i 4500
=001  018338234
=003  Uk
=005  20170106043050.0
=006  m\\\\\o\\d\\\\\\\\
=007  cr\|||||||||||
=008  151112s1968\\\\ja\\\\\\ob\\\\000\0\jpn\d
=FMT  \\$a  BK
=020  \\$z4560050627
=020  \\$z9784560050620
=035  \\$a(OCoLC)928950680
=040  \\$aYUS$beng$cYUS$dOCLCO$dYUS$dOCLCO$dUk$erda$epn
=050  \4$aCB361$b.F3416 1968
=100  1\$aFaure, Paul,$d1916-2007,$eauthor.
=240  10$aRenaissance.$lJapanese
=245  10$6880-01$aKaiyaku Runesansu /$cPaul Faure cho ; Akai Akira yaku.
=246  30$6880-02$aRunesansu
=264  \1$6880-03$aTōkyō :$bHakusuisha,$c1968.
=300  \\$a1 online resource.
=336  \\$atext$btxt$2rdacontent
=337  \\$acomputer$bc$2rdamedia
=338  \\$aonline resource$bcr$2rdacarrier
=490  1\$6880-04$aBunko kuseju ;$v62
=500  \\$aTranslation of: La Renaissance: Paris: P.U.F., 1975, Que sais-je? 345.
=504  \\$aIncludes bibliographical references (pages i-ii).
=588  \\$aDescription based on print version.
=650  \0$aRenaissance.
=650  \7$aRenaissance.$2fast$0(OCoLC)fst01094518
=773  0\$tJapanKnowledge
=776  08$iPrint version:$tKaiyaku Runesansu
=830  \0$6880-05$aBunko kuseju$v62.
=856  40$3JapanKnowledge$uhttp://japanknowledge.com/lib/display/?lid=8021000620000$yJapanKnowledge Lib
=880  10$6245-01$a改訳ルネサンス /$cポール・フォール著 ; 赤井彰訳.
=880  30$6246-02$aルネサンス
=880  \1$6264-03$a東京 :$b白水社,$c1968.
=880  1\$6490-04$a文庫クセジュ ;$v62
=880  \0$6830-05$a文庫クセジュ ;$v62.
=859  \\$aORR$bJapanKnowledge
=CAT  \\$aW1704-1242$b00$c20170509$lBLL01$h0927
=CAT  \\$aBATCH-UPD$b00$c20170509$lBLL01$h0935
=CAT  \\$aBATCH-UPD$b00$c20191216$lBLL01$h2051
=CAT  \\$aW2003-0365$c20200305$lBLL01$h1101
=FIN  \\$aY$d20170509
=SID  \\$aZ30$bOCLC
=SRC  \\$aJapanKnowledge_2017$bJK_OCLC20170203.mrc
=LAS  \\$aW2003-0365$b00$c20200305$lBLL01$h1101

