=LDR  02758 am a22006737a 4500
=001  018338235
=003  Uk
=005  20170106043050.0
=006  m\\\\\o\\d\\\\\\\\
=007  cr\|||||||||||
=008  100630s1965\\\\ja\\\\\\o\\\\\000\0\jpn\d
=FMT  \\$a  BK
=020  \\$z4582800521
=020  \\$z9784582800524
=035  \\$a(OCoLC)645389542
=040  \\$aOCLCE$beng$cOCLCE$dCUS$dOCLCQ$dOCLCF$dYUS$dOCLCO$dYUS$dOCLCO$dOCLCQ$dYUS$dOCLCO$dUk$epn
=041  1\$ajpn$hchi
=042  \\$adlr
=050  \4$aPL2674$b.A6 1965b
=100  1\$6880-01$aBai, Juyi,$d772-846
=240  10$aPoems.$kSelections.$lJapanese & Chinese
=245  10$6880-02$aHaku Kyoi shi shō. Tsuketari, Chūgoku koshi shō /$cMori Ryō yaku.
=250  \\$6880-03$aShohan.
=260  \\$6880-04$aTōkyō :$bHeibonsha,$cShōwa 40 [1965]
=300  \\$a1 online resource (9, 9, 195 pages).
=336  \\$atext$btxt$2rdacontent
=337  \\$acomputer$bc$2rdamedia
=338  \\$aonline resource$bcr$2rdacarrier
=490  1\$6880-05$aTōyō bunko ;$v52
=588  0\$aPrint version record.
=600  10$6880-06$aBai, Juyi,$d772-846$xTranslations into Japanese.
=600  17$aBai, Juyi,$d772-846$2fast$0(OCoLC)fst00062286
=655  \7$aTranslations.$2fast$0(OCoLC)fst01423791
=700  1\$6880-07$aMori, Ryō,$d1911-
=730  02$6880-08$aChūgoku koshi shō.$lJapanese & Chinese.
=740  0\$6880-09$aHaku Kyoi shi shō.
=773  0\$tJapanKnowledge
=776  08$iPrint version:$aBai, Juyi, 772-846.$sPoems. Japanese & Chinese. Selections.$tHaku Kyoi shi shō. Tsuketari, Chūgoku koshi shō.$bShohan.$dTōkyō : Heibonsha, Shōwa 40 [1965]$z4582800521
=830  \0$6880-10$aTōyō bunko$v52.
=856  40$3JapanKnowledge$uhttp://japanknowledge.com/lib/display/?lid=80010V0052P0002$yJapanKnowledge Lib
=880  1\$6100-01/{dollar}1$a白居易,$d772-846.
=880  10$6245-02/{dollar}1$a白居易詩鈔. 附・中国古詩鈔 /$c森亮訳.
=880  \\$6250-03/{dollar}1$a初版.
=880  \\$6260-04/{dollar}1$a東京 :$b平凡社,$c昭和40 [1965]
=880  1\$6490-05/{dollar}1$a東洋文庫 ;$v52
=880  14$6600-06/{dollar}1$a白居易,$d772-846$xTranslations into Japanese.
=880  1\$6700-07/{dollar}1$a森亮,$d1911-
=880  02$6730-08/{dollar}1$a中国古詩鈔.$lJapanese & Chinese.
=880  0\$6740-09/{dollar}1$a白居易詩鈔.
=880  \0$6830-10/{dollar}1$a東洋文庫 ;$v52.
=859  \\$aORR$bJapanKnowledge
=CAT  \\$aW1704-1242$b00$c20170509$lBLL01$h0927
=CAT  \\$aBATCH-UPD$b00$c20170509$lBLL01$h0935
=CAT  \\$aBATCH-UPD$b00$c20170509$lBLL01$h0939
=CAT  \\$aW2003-0365$c20200305$lBLL01$h1101
=FIN  \\$aY$d20170509
=SID  \\$aZ30$bOCLC
=SRC  \\$aJapanKnowledge_2017$bJK_OCLC20170203.mrc
=LAS  \\$aW2003-0365$b00$c20200305$lBLL01$h1101

