=LDR  02753 am a22007334i 4500
=001  018338236
=003  Uk
=005  20170106043051.0
=006  m\\\\\o\\d\\\\\\\\
=007  cr\|||||||||||
=008  151112m19941996ja\a\\\\o\\\\\001\0\jpn\d
=FMT  \\$a  BK
=020  \\$z4096580066
=020  \\$z4096580074
=020  \\$z4096580082
=020  \\$z4096580090
=020  \\$z9784096580066
=020  \\$z9784096580073
=020  \\$z9784096580080
=020  \\$z9784096580097
=035  \\$a(OCoLC)928950408
=040  \\$aYUS$beng$cYUS$dOCLCO$dYUS$dOCLCO$dYUS$dOCLCO$dUk$erda$epn
=043  \\$aa-ja---
=050  \4$aPL758.15$b.A14 1994
=245  00$6880-01$aMan'yōshū /$ckōchū, yaku Kojima Noriyuki, Kinoshita Masatoshi, Tōno Haruyuki.
=264  \1$6880-03$aTōkyō :$bShōgakkan,$c1994-1996.
=300  \\$a1 online resource.
=336  \\$atext$btxt$2rdacontent
=337  \\$acomputer$bc$2rdamedia
=338  \\$aonline resource$bcr$2rdacarrier
=490  1\$6880-04$aShinpen Nihon koten bungaku zenshū ;$v6-9
=500  \\$aIncludes index.
=500  \\$aNCC-funded titles; to be lent locally and nationally according to normal ILL procedures.$5TJC
=588  \\$aDescription based on print version.
=630  00$6880-05$aMan'yōshū
=630  07$aMan'yōshū.$2fast$0(OCoLC)fst01356727
=648  \7$aTo 794$2fast
=650  \0$aJapanese poetry$yTo 794.
=650  \7$aJapanese poetry.$2fast$0(OCoLC)fst00981898
=700  1\$6880-06$aKojima, Noriyuki,$d1913-1998
=700  1\$6880-07$aKinoshita, Masatoshi,$d1925-
=700  1\$6880-08$aTōno, Haruyuki,$d1946-
=773  0\$tJapanKnowledge
=776  08$iPrint version:$tMan'yōshū
=830  \0$6880-09$aShinpen Nihon koten bungaku zenshū$v6-9.
=856  40$3JapanKnowledge$uhttp://japanknowledge.com/lib/display/?lid=80110V00060013$yJapanKnowledge Lib
=880  00$6245-01$a萬葉集 /$c校注・訳小島憲之, 木下正俊, 東野治之.
=880  \1$6264-03$a東京 :$b小学館,$c1994-1996.
=880  1\$6490-04$a新編日本古典文学全集 ;$v6-9
=880  04$6630-05$a萬葉集.
=880  1\$6700-06$a小島憲之,$d1913-
=880  1\$6700-07$a木下正俊,$d1925-
=880  1\$6700-08$a東野治之,$d1946-
=880  \0$6830-09$a新編日本古典文学全集 ;$v6-9.
=859  \\$aORR$bJapanKnowledge
=CAT  \\$aW1704-1242$b00$c20170509$lBLL01$h0927
=CAT  \\$aBATCH-UPD$b00$c20170509$lBLL01$h0935
=CAT  \\$aBATCH-UPD$b00$c20170509$lBLL01$h0939
=CAT  \\$aW2003-0365$c20200305$lBLL01$h1101
=CAT  \\$aBATCH-UPD$b00$c20200918$lBLL01$h2045
=FIN  \\$aY$d20170509
=SID  \\$aZ30$bOCLC
=SRC  \\$aJapanKnowledge_2017$bJK_OCLC20170203.mrc
=LAS  \\$aBATCH-UPD$b00$c20200918$lBLL01$h2045

