=LDR  03089 am a22007217a 4500
=001  018338237
=003  Uk
=005  20170106043051.0
=006  m\\\\\o\\d\\\\\\\\
=007  cr\|||||||||||
=008  100324m19801988ja\b\\\\ob\\\\000\0\jpn\d
=FMT  \\$a  BK
=019  \\$a297640620
=020  \\$z4582804926$q(v. 4)
=020  \\$z9784582804928$q(v. 4)
=035  \\$a(OCoLC)567932863$z(OCoLC)297640620
=040  \\$aOCLCE$beng$cOCLCE$dOCLCQ$dCUS$dOCLCQ$dOCLCF$dYUS$dOCLCO$dYUS$dOCLCO$dOCLCQ$dYUS$dOCLCO$dUk$epn
=042  \\$adlr
=043  \\$aa-kr---
=050  \4$aDS911.2$b.K516 1980
=100  1\$6880-01$aKim, Pu-sik,$d1075-1151
=240  10$6880-02$aSamguk sagi.$lJapanese
=245  10$6880-03$aSangoku shiki /$cKin Fushiki ; Inoue Hideo yakuchū.
=250  \\$6880-04$aShohan.
=260  \\$6880-05$aTōkyō :$bHeibonsha,$c1980-1988.
=300  \\$a1 online resource (4 volumes) :$bmaps.
=336  \\$atext$btxt$2rdacontent
=337  \\$acomputer$bc$2rdamedia
=338  \\$aonline resource$bcr$2rdacarrier
=490  1\$6880-06$aTōyō bunko ;$v372, 425, 454, 492
=504  \\$aIncludes bibliographical references.
=505  1\$6880-07$a1. Shiragi hongi -- 2. Kōkuri hongi. Kudara hongi.
=588  0\$aPrint version record.
=648  \7$aTo 935$2fast
=651  \0$aKorea$xHistory$yTo 935.
=651  \7$aKorea.$2fast$0(OCoLC)fst01206434
=655  \7$aHistory.$2fast$0(OCoLC)fst01411628
=700  1\$6880-08$aInoue, Hideo,$d1924-
=773  0\$tJapanKnowledge
=776  08$iPrint version:$aKim, Pu-sik, 1075-1151.$sSamguk sagi. Japanese.$tSangoku shiki.$dTōkyō : Heibonsha, 1980-<1986>
=830  \0$6880-09$aTōyō bunko$v372, 425, 454, 492.
=856  40$3JapanKnowledge Volume 1$uhttp://japanknowledge.com/lib/display/?lid=80010V0372P0002$yJapanKnowledge Lib
=856  40$3JapanKnowledge Volume 2$uhttp://japanknowledge.com/lib/display/?lid=80010V0425P0002$yJapanKnowledge Lib
=856  40$3JapanKnowledge Volume 3$uhttp://japanknowledge.com/lib/display/?lid=80010V0454P0002$yJapanKnowledge Lib
=856  40$3JapanKnowledge Volume 4$uhttp://japanknowledge.com/lib/display/?lid=80010V0492P0002$yJapanKnowledge Lib
=880  1\$6100-01/{dollar}1$a金富軾,$d1075-1151.
=880  10$6240-02/{dollar}1$a三国史記.$lJapanese
=880  10$6245-03/{dollar}1$a三国史記 /$c金富軾 ; 井上秀雄訳注.
=880  \\$6250-04/{dollar}1$a初版.
=880  \\$6260-05/{dollar}1$a東京 :$b平凡社,$c1980-1988.
=880  1\$6490-06/{dollar}1$a東洋文庫 ;$v372, 425, 454, 492
=880  1\$6505-07/{dollar}1$a1. 新羅本紀 -- 2. Kōkuri hongi. Kudara hongi.
=880  1\$6700-08/{dollar}1$a井上秀雄,$d1924-
=880  \0$6830-09/{dollar}1$a東洋文庫 ;$v372, 425, 454, 492.
=859  \\$aORR$bJapanKnowledge
=CAT  \\$aW1704-1242$b00$c20170509$lBLL01$h0927
=CAT  \\$aBATCH-UPD$b00$c20170509$lBLL01$h0935
=CAT  \\$aBATCH-UPD$b00$c20170509$lBLL01$h0939
=CAT  \\$aW2003-0365$c20200305$lBLL01$h1101
=FIN  \\$aY$d20170509
=SID  \\$aZ30$bOCLC
=SRC  \\$aJapanKnowledge_2017$bJK_OCLC20170203.mrc
=LAS  \\$aW2003-0365$b00$c20200305$lBLL01$h1101

