=LDR  03486 am a22008177a 4500
=001  018338238
=003  Uk
=005  20170106043051.0
=006  m\\\\\o\\d\\\\\\\\
=007  cr\|||||||||||
=008  110930m20002001ja\a\\\\ob\\\\000\0ajpn\d
=FMT  \\$a  BK
=020  \\$z4582806783$q(v. 1)
=020  \\$z4582806821$q(v. 2)
=020  \\$z4582806856$q(v. 3)
=020  \\$z9784582806786$q(v. 1)
=020  \\$z9784582806823$q(v. 2)
=020  \\$z9784582806854$q(v. 3)
=035  \\$a(OCoLC)755183379
=040  \\$aOCLCE$beng$cOCLCE$dCUS$dOCLCQ$dOCLCO$dOCLCQ$dOCLCF$dYUS$dOCLCO$dYUS$dOCL$dOCLCQ$dYUS$dOCLCO$dUk$epn
=041  1\$ajpn$hkor
=043  \\$aa-kr---
=050  \4$aDS913.45.Y56$bA3 2000
=084  \\$a221.05$2njb/9
=100  1\$6880-01$aYi, Sun-sin,$d1545-1598
=240  10$aNanjung ilgi.$lJapanese
=245  10$6880-02$aRanchū nikki :$bJinshin Waran no kiroku /$cRi Shunshin cho ; Kitajima Manji yakuchū.
=250  \\$6880-03$aShohan.
=260  \\$6880-04$aTōkyō :$bHeibonsha,$c2000-2001.
=300  \\$a1 online resource (3 volumes) :$billustrations.
=336  \\$atext$btxt$2rdacontent
=337  \\$acomputer$bc$2rdamedia
=338  \\$aonline resource$bcr$2rdacarrier
=490  1\$6880-05$aTōyō bunko ;$v678, 682, 685
=500  \\$6880-06$aTranslation of: Nanjung ilgi.
=504  \\$aIncludes bibliographical references.
=588  0\$aPrint version record.
=600  10$6880-07$aYi, Sun-sin,$d1545-1598$vDiaries.
=600  17$aYi, Sun-sin,$d1545-1598$2fast$0(OCoLC)fst00075939
=611  27$aJapanese Invasions of Korea (1592-1598)$2fast$0(OCoLC)fst01353442
=648  \7$a1592-1598$2fast
=650  07$6880-08$aBunroku keichō no eki.$2jlabsh/3
=651  \0$aKorea$xHistory$yJapanese Invasions, 1592-1598.
=651  \7$aKorea.$2fast$0(OCoLC)fst01206434
=655  \7$aDiaries.$2fast$0(OCoLC)fst01423794
=655  \7$aHistory.$2fast$0(OCoLC)fst01411628
=700  1\$6880-09$aKitajima, Manji.
=773  0\$tJapanKnowledge
=776  08$iPrint version:$aYi, Sun-sin, 1545-1598.$sNanjung ilgi. Japanese.$tRanchū nikki.$bShohan.$dTōkyō : Heibonsha, 2000-2001$z4582806783
=830  \0$6880-10$aTōyō bunko$v678, 682, 685.
=856  40$3JapanKnowledge Volume 1$uhttp://japanknowledge.com/lib/display/?lid=80010V0678P0002$yJapanKnowledge Lib
=856  40$3JapanKnowledge Volume 2$uhttp://japanknowledge.com/lib/display/?lid=80010V0682P0002$yJapanKnowledge Lib
=856  40$3JapanKnowledge Volume 3$uhttp://japanknowledge.com/lib/display/?lid=80010V0685P0002$yJapanKnowledge Lib
=880  1\$6100-01/{dollar}1$a李舜臣,$d1545-1598.
=880  10$6245-02/{dollar}1$a乱中日記 :$b壬辰倭乱の記錄 /$c李舜臣著 ; 北島万次訳注.
=880  \\$6250-03/{dollar}1$a初版.
=880  \\$6260-04/{dollar}1$a東京 :$b平凡社,$c2000-2001.
=880  1\$6490-05/{dollar}1$a東洋文庫 ;$v678, 682, 685
=880  \\$6500-06/{dollar}1$a付:乱中日記関係地図(1枚).
=880  14$6600-07/{dollar}1$a李舜臣,$d1545-1598$vDiaries.
=880  07$6650-08/{dollar}1$a文禄・慶長の役.$2jlabsh/3
=880  1\$6700-09/{dollar}1$a北島万次.
=880  \0$6830-10/{dollar}1$a東洋文庫 ;$v678, 682, 685.
=859  \\$aORR$bJapanKnowledge
=CAT  \\$aW1704-1242$b00$c20170509$lBLL01$h0927
=CAT  \\$aBATCH-UPD$b00$c20170509$lBLL01$h0935
=CAT  \\$aW2003-0365$c20200305$lBLL01$h1101
=FIN  \\$aY$d20170509
=SID  \\$aZ30$bOCLC
=SRC  \\$aJapanKnowledge_2017$bJK_OCLC20170203.mrc
=LAS  \\$aW2003-0365$b00$c20200305$lBLL01$h1101

