=LDR  02434 am a22006254i 4500
=001  018338239
=003  Uk
=005  20170106043052.0
=006  m\\\\\o\\d\\\\\\\\
=007  cr\|||||||||||
=008  151113s1990\\\\ja\\\\\gob\\\\000\0\jpnod
=FMT  \\$a  BK
=020  \\$z4560057060
=020  \\$z9784560057063
=035  \\$a(OCoLC)929031458
=040  \\$aCNEAL$beng$cYUS$dOCLCO$dYUS$dOCLCO$dOCLCF$dOCLCO$dOCL$dUk$erda$epn
=041  1\$ajpn$hfre
=050  \4$aPQ287$b.V36165 1990
=100  1\$aTieghem, Philippe van,$d1898-1969,$eauthor.
=240  10$aRomantisme fraṅais.$lJapanese
=245  10$6880-01$aFuransu roman shugi /$cFirippu Van Chīgemu cho ; Tsuji Tōru yaku.
=264  \1$6880-02$aTōkyō :$bHakusuisha,$c1990.
=300  \\$a1 online resource.
=336  \\$atext$btxt$2rdacontent
=337  \\$acomputer$bc$2rdamedia
=338  \\$aonline resource$bcr$2rdacarrier
=490  1\$6880-03$aBunko kuseju ;$v706
=500  \\$aTranslation of: Le romantisme fraṅais.
=504  \\$aIncludes bibliographical references.
=588  \\$aDescription based on print version.
=648  \7$a1800-1899$2fast
=650  \0$aFrench literature$y19th century$xHistory and criticism.
=650  \0$aRomanticism$zFrance.
=650  \7$aFrench literature.$2fast$0(OCoLC)fst00934688
=650  \7$aRomanticism.$2fast$0(OCoLC)fst01100133
=651  \7$aFrance.$2fast$0(OCoLC)fst01204289
=655  \7$aCriticism, interpretation, etc.$2fast$0(OCoLC)fst01411635
=700  1\$6880-04$aTsuji, Tōru,$d1916-2000.
=773  0\$tJapanKnowledge
=776  08$iPrint version:$tFuransu roman shugi
=830  \0$6880-05$aBunko kuseju$v706.
=856  40$3JapanKnowledge$uhttp://japanknowledge.com/lib/display/?lid=8021007060000$yJapanKnowledge Lib
=880  10$6245-01/{dollar}1$aフランス・ロマン主義 /$cフィリップ・ヴァン・チーゲム著 ; 辻昶訳
=880  \1$6264-02/{dollar}1$a東京 :$b白水社,$c1990
=880  1\$6490-03/{dollar}1$a文庫クセジュ ;$v706
=880  1\$6700-04/{dollar}1$a辻 昶,$d1916-2000.
=880  \0$6830-05/{dollar}1$a文庫クセジュ ;$v706.
=859  \\$aORR$bJapanKnowledge
=CAT  \\$aW1704-1242$b00$c20170509$lBLL01$h0927
=CAT  \\$aBATCH-UPD$b00$c20170509$lBLL01$h0935
=CAT  \\$aW2003-0365$c20200305$lBLL01$h1101
=FIN  \\$aY$d20170509
=SID  \\$aZ30$bOCLC
=SRC  \\$aJapanKnowledge_2017$bJK_OCLC20170203.mrc
=LAS  \\$aW2003-0365$b00$c20200305$lBLL01$h1101

