=LDR  03627 am a22008777a 4500
=001  018338240
=003  Uk
=005  20170106043052.0
=006  m\\\\\o\\d\\\\\\\\
=007  cr\|||||||||||
=008  100630s1964\\\\ja\a\\\\ob\\\\000\0\jpn\d
=FMT  \\$a  BK
=019  \\$a297609461
=020  \\$z4582800149
=020  \\$z9784582800142
=035  \\$a(OCoLC)645424405$z(OCoLC)297609461
=040  \\$aOCLCE$beng$cOCLCE$dCUS$dOCLCQ$dOCLCA$dOCLCO$dOCLCQ$dOCLCF$dOCLCO$dYUS$dOCLCO$dYUS$dOCLCO$dOCLCQ$dOCLCO$dYUS$dOCLCO$dUk$epn
=042  \\$adlr
=043  \\$aa-ja---
=050  \4$aBR53$b.N3 1964
=084  \\$a198.221$2njb
=130  0\$6880-01$aNanbanji kōhaiki.
=245  10$6880-02$aNanbanji kōhaiki ; Jakyō taii /$cEbisawa Arimichi yaku. Myōtei mondō ; Ha Deusu / [Habian cho] ; Ebisawa Arimichi yaku.
=250  \\$6880-03$aShohan.
=260  \\$6880-04$aTōkyō :$bHeibonsha,$c1964$g(1980 printing)
=300  \\$a1 online resource (3, 340 pages) :$billustrations.
=336  \\$atext$btxt$2rdacontent
=337  \\$acomputer$bc$2rdamedia
=338  \\$aonline resource$bcr$2rdacarrier
=490  1\$6880-05$aTōyō bunko ;$v14
=504  \\$aIncludes bibliographical references.
=588  0\$aPrint version record.
=650  \0$aChristianity$vControversial literature.
=650  \0$aChristianity$zJapan.
=650  \7$aChristianity.$2fast$0(OCoLC)fst00859599
=651  \7$aJapan.$2fast$0(OCoLC)fst01204082
=653  \\$6880-06$aKatorikkukyōkai$aNihon$aRekishi.
=655  \4$aKatorikkukyôkai$xnihon.
=655  \7$aControversial literature.$2fast$0(OCoLC)fst01423907
=700  1\$6880-07$aEbisawa, Arimichi,$d1910-
=700  0\$6880-08.$aSessō Sōsai,$d1589-1649$tJakyō taii.
=700  0\$6880-09.$aFabian,$dactive 1583-1607$tMyōtei mondō.
=700  0\$6880-10.$aFabian,$dactive 1583-1607$tHa Deusu.
=740  0\$aHa Daiusu.
=740  02$6880-11$aNanbanji kōhaiki.
=740  02$6880-12$aJakyō taii.
=740  02$6880-13$aMyōtei mondō.
=740  02$6880-14$aHa Deusu.
=773  0\$tJapanKnowledge
=776  08$iPrint version:$tNanbanji kōhaiki ; Jakyō taii.$dTōkyō : Heibonsha, 1964$z4582800149
=830  \0$6880-15$aTōyō bunko$v14.
=856  40$3JapanKnowledge$uhttp://japanknowledge.com/lib/display/?lid=80010V0014P0002$yJapanKnowledge Lib
=880  0\$6130-01/{dollar}1$a南蛮寺興廃記.
=880  10$6245-02/{dollar}1$a南蛮寺興廃記 ; 邪敎大意 /$c海老沢有道訳. 妙貞問答 ; 破堤宇子 / [ハビアン著] ; 海老沢有道訳.
=880  \\$6250-03/{dollar}1$a初版.
=880  \\$6260-04/{dollar}1$a東京 :$b平凡社,$c1964$g(1980 printing)
=880  1\$6490-05/{dollar}1$a東洋文庫 ;$v14
=880  \\$6653-06/{dollar}1$aカトリック敎会$a日本$a歴史.
=880  1\$6700-07/{dollar}1$a海老沢有道,$d1910-
=880  0\$6700-08/{dollar}1$a雪窓宗崔,$d1589-1649.$t邪教大意.
=880  0\$6700-09/{dollar}1$aFabian,$dactive 1583-1607.$t妙貞問答.
=880  0\$6700-10/{dollar}1$aFabian,$dactive 1583-1607.$t破堤宇子.
=880  02$6740-11/{dollar}1$a南蛮寺興廃記.
=880  02$6740-12/{dollar}1$a邪敎大意.
=880  02$6740-13/{dollar}1$a妙貞問答.
=880  02$6740-14/{dollar}1$a破堤宇子.
=880  \0$6830-15/{dollar}1$a東洋文庫 ;$v14.
=859  \\$aORR$bJapanKnowledge
=CAT  \\$aW1704-1242$b00$c20170509$lBLL01$h0927
=CAT  \\$aBATCH-UPD$b00$c20170509$lBLL01$h0935
=CAT  \\$aBATCH-UPD$b00$c20170509$lBLL01$h0939
=CAT  \\$aW2003-0365$c20200305$lBLL01$h1101
=FIN  \\$aY$d20170509
=SID  \\$aZ30$bOCLC
=SRC  \\$aJapanKnowledge_2017$bJK_OCLC20170203.mrc
=LAS  \\$aW2003-0365$b00$c20200305$lBLL01$h1101

