=LDR  03531 am a22008177a 4500
=001  018338241
=003  Uk
=005  20170106043052.0
=006  m\\\\\o\\d\\\\\\\\
=007  cr\|||||||||||
=008  100426m19961997ja\a\\\\ob\\\\000\0\jpn\d
=FMT  \\$a  BK
=019  \\$a655501728
=020  \\$z4582806007$q(v. 1)
=020  \\$z9784582806007$q(v. 1)
=035  \\$a(OCoLC)609507876$z(OCoLC)655501728
=040  \\$aOCLCE$beng$cOCLCE$dOCLCQ$dCUS$dOCLCQ$dOCLCO$dOCLCQ$dOCLCF$dOCLCO$dYUS$dOCLCO$dYUS$dOCLCO$dOCL$dOCLCQ$dYUS$dOCLCO$dUk$epn
=041  0\$ajpn$adut
=042  \\$adlr
=043  \\$aa-ja---
=050  \4$aAC145$b.T69 vol.600, 604
=100  1\$6880-01$aIwasaki, Katsumi.
=245  10$6880-02$aMaeno Ranka /$cIwasaki Katsumi cho ; Katagiri Kazuo kaisetsu.
=250  \\$6880-03$aShohan.
=260  \\$6880-04$aTōkyō :$bHeibonsha,$c1996-1997.
=300  \\$a1 online resource (3 volumes) :$billustrations.
=336  \\$atext$btxt$2rdacontent
=337  \\$acomputer$bc$2rdamedia
=338  \\$aonline resource$bcr$2rdacarrier
=490  1\$6880-05$aTōyō bunko ;$v600, 604, 612
=504  \\$aIncludes bibliographical references.
=505  0\$6880-06$a1. Kaitai shinsho izen -- 2. Kaitai shinsho no kenkyū -- 3. Choyaku hen.
=588  0\$aPrint version record.
=600  10$6880-07$aMaeno, Ryōtaku,$d1723-1803
=600  17$aMaeno, Ryōtaku,$d1723-1803$2fast$0(OCoLC)fst00349095
=648  \7$a1600-1868$2fast
=650  \0$aMedicine$xStudy and teaching$zJapan$xHistory.
=650  \0$aMedicine$zJapan$xHistory.
=650  \7$aCivilization$xDutch influences.$2fast$0(OCoLC)fst01352353
=650  \7$aCivilization.$2fast$0(OCoLC)fst00862898
=650  \7$aMedicine$xStudy and teaching.$2fast$0(OCoLC)fst01015121
=650  \7$aMedicine.$2fast$0(OCoLC)fst01014893
=651  \0$aJapan$xCivilization$xDutch influences.
=651  \0$aJapan$xCivilization$y1600-1868.
=651  \7$aJapan.$2fast$0(OCoLC)fst01204082
=655  \7$aHistory.$2fast$0(OCoLC)fst01411628
=700  1\$6880-08$aKatagiri, Kazuo,$d1934-
=773  0\$tJapanKnowledge
=776  08$iPrint version:$aIwasaki, Katsumi.$tMaeno Ranka.$bShohan.$dTōkyō : Heibonsha, 1996-1997
=830  \0$6880-09$aTōyō bunko$v600, 604, 612.
=856  40$3JapanKnowledge Volume 1$uhttp://japanknowledge.com/lib/display/?lid=80010V0600P0002$yJapanKnowledge Lib
=856  40$3JapanKnowledge Volume 2$uhttp://japanknowledge.com/lib/display/?lid=80010V0604P0002$yJapanKnowledge Lib
=856  40$3JapanKnowledge Volume 3$uhttp://japanknowledge.com/lib/display/?lid=80010V0612P0002$yJapanKnowledge Lib
=880  1\$6100-01/{dollar}1$a岩崎克己.
=880  10$6245-02/{dollar}1$a前野蘭化 /$c岩崎克己著 ; 片桐一男解說.
=880  \\$6250-03/{dollar}1$a初版.
=880  \\$6260-04/{dollar}1$a東京 :$b平凡社,$c1996-1997.
=880  1\$6490-05/{dollar}1$a東洋文庫 ;$v600, 604, 612
=880  0\$6505-06/{dollar}1$a1. 解体新書以前 -- 2. 解体新書の研究 -- 3. 著訳篇.
=880  14$6600-07/{dollar}1$a前野良沢,$d1723-1803.
=880  1\$6700-08/{dollar}1$a片桐一男,$d1934-
=880  \0$6830-09/{dollar}1$a東洋文庫 ;$v600, 604, 612.
=859  \\$aORR$bJapanKnowledge
=CAT  \\$aW1704-1242$b00$c20170509$lBLL01$h0927
=CAT  \\$aBATCH-UPD$b00$c20170509$lBLL01$h0935
=CAT  \\$aBATCH-UPD$b00$c20170509$lBLL01$h0939
=CAT  \\$aW2003-0365$c20200305$lBLL01$h1101
=FIN  \\$aY$d20170509
=SID  \\$aZ30$bOCLC
=SRC  \\$aJapanKnowledge_2017$bJK_OCLC20170203.mrc
=LAS  \\$aW2003-0365$b00$c20200305$lBLL01$h1101

