=LDR  03856 am a22006377i 4500
=001  018338242
=003  Uk
=005  20170106043053.0
=006  m\\\\\o\\d\\\\\\\\
=007  cr\un||a|a||||
=008  120220s1976\\\\ja\af\\\o\\\\\000\0\jpn\d
=FMT  \\$a  BK
=019  \\$a928950726
=035  \\$a(OCoLC)777820381$z(OCoLC)928950726
=040  \\$aOCLCE$beng$cOCLCE$dOCLCQ$dOCLCO$dOCLCQ$dOCLCF$dOCL$dYUS$dOCL$dOCLCQ$dUk$epn
=043  \\$ae-ur---
=050  \4$aDK265.17$b.A77
=100  1\$6880-01$aArahata, Kanson,$d1887-1981
=245  10$6880-02$aRoshia kakumei /$c[chosha Arahata Kanson].
=260  \\$6880-03$aTōkyō :$bHeibonsha,$c1976.
=300  \\$a1 online resource (499 pages, [2] leaves of plates) :$billustrations.
=336  \\$atext$btxt$2rdacontent
=337  \\$acomputer$bc$2rdamedia
=338  \\$aonline resource$bcr$2rdacarrier
=490  1\$6880-04$aArahata Kanson chosakushū ;$v6
=505  0\$6880-05$aSekiro kō -- Roshia no fukkatsu -- Rokoku kakumei o manabe -- Torusutoi no shisō -- Rokoku no Ōkubo Hikoza -- Ā Rokoku kakumei no sobo -- Seijishū kangoku no aishi -- Kakumei undō to Roshiajin kishitsu -- Roshia kakumei no uta -- Sen-kyūhyaku-nijūichinen no Roshia --Reninizumu to Torokkīzumu -- Jinoviefu kaisō -- Stahanofu undō no yōran --Jinoviefu ippa no jūsatsu -- Torokkī wa hatashite muko ka -- Sutārin no gisei -- Roshia kakumei no koro -- Ikiteita Roshia Jakoban shugi --Chirorizumu zuisō -- Arahata Kanson to kakumei Roshia / Kikuchi Masanori kaisetsu.
=588  0\$aPrint version record.
=611  07$aRevolution (Soviet Union : 1917-1921)$2fast$0(OCoLC)fst01907572
=648  \7$a1917-1921$2fast
=650  \7$aMilitary participation$xForeign.$2fast$0(OCoLC)fst01353721
=651  \0$aSoviet Union$xHistory$yRevolution, 1917-1921.
=651  \0$aSoviet Union$xHistory$yRevolution, 1917-1921$xParticipation, Foreign.
=651  \7$aSoviet Union.$2fast$0(OCoLC)fst01210281
=655  \7$aHistory.$2fast$0(OCoLC)fst01411628
=773  0\$tJapanKnowledge
=776  08$iPrint version:$aArahata, Kanson, 1887-1981.$tRoshia kakumei.$dTōkyō : Heibonsha, 1976
=800  1\$6880-06$aArahata, Kanson,$d1887-$tArahata Kanson chosaku shū ;$v6.
=856  40$3JapanKnowledge$uhttp://japanknowledge.com/lib/display/?lid=8021003380000$yJapanKnowledge Lib
=880  1\$6100-01/{dollar}1$a荒畑寒村,$d1887-
=880  10$6245-02/{dollar}1$aロシア革命 /$c[著者 荒畑寒村].
=880  \\$6260-03/{dollar}1$a東京 :$b平凡社,$c1976.
=880  1\$6490-00/{dollar}1$a荒畑寒村著作集 ;$v6
=880  1\$6490-04/{dollar}1$a荒畑寒村著作集 ;$v6
=880  0\$6505-05/{dollar}1$a赤露行 -- ロシアの復活 -- 露国革命を学ベ -- トルストイの思想 -- 露国の大久保彥左 -- 噫露国革命の祖母 -- 政治囚監獄の哀史 -- 革命運動とロシア人気質 -- ロシア革命の歌 -- 一九二一年のロシア -- レニニズムとトロッキーズム -- ヂノヴイエフ回想 -- スタハノフ運動の搖籃 -- ヂノヴイエフ一派の銃殺 -- トロッキーは果して無辜か -- スターリンの犧牲 -- ロシア革命のころ -- 生きていたロシア・ジャコバン主義 -- チロリズム隨想 -- 荒畑寒村と革命ロシア / 菊地昌典解說.
=880  1\$6800-06/{dollar}1$a荒畑寒村,$d1887-$t荒畑寒村著作集 ;$v6.
=880  \1$6264-00/{dollar}1$a東京 :$b平凡社,$c1976.
=880  \0$6830-00/{dollar}1$a荒畑寒村著作集 ;$v6.
=859  \\$aORR$bJapanKnowledge
=CAT  \\$aW1704-1242$b00$c20170509$lBLL01$h0927
=CAT  \\$aBATCH-UPD$b00$c20170509$lBLL01$h0935
=CAT  \\$aBATCH-UPD$b00$c20170509$lBLL01$h0939
=CAT  \\$aW2003-0365$c20200305$lBLL01$h1101
=FIN  \\$aY$d20170509
=SID  \\$aZ30$bOCLC
=SRC  \\$aJapanKnowledge_2017$bJK_OCLC20170203.mrc
=LAS  \\$aW2003-0365$b00$c20200305$lBLL01$h1101

