=LDR  02931 am a22006857a 4500
=001  018338243
=003  Uk
=005  20170106043053.0
=006  m\\\\\o\\d\\\\\\\\
=007  cr\|||||||||||
=008  100305s1982\\\\ja\af\\\o\\\\\000\0\jpn\d
=FMT  \\$a  BK
=019  \\$a298900531
=035  \\$a(OCoLC)541330750$z(OCoLC)298900531
=040  \\$aOCLCE$beng$cOCLCE$dOCLCQ$dCUS$dOCLCO$dOCLCQ$dOCLCO$dOCLCA$dOCLCQ$dOCLCF$dYUS$dOCLCO$dYUS$dOCLCO$dOCLCQ$dOCLCO$dYUS$dOCLCO$dUk$epn
=041  1\$ajpn$hkor
=042  \\$adlr
=050  \4$aTX724.5.K65$bC56 1982 <Asian Japan>
=084  \\$a596.22$2njb/9
=245  00$6880-01$aChōsen no ryōrisho /$cTei Daisei hen'yaku.
=250  \\$6880-02$aShohan.
=260  \\$6880-03$aTōkyō :$bHeibonsha,$c1982.
=300  \\$a1 online resource (ii, xii, 315, 16 pages, [2] pages of plates) :$billustrations.
=336  \\$atext$btxt$2rdacontent
=337  \\$acomputer$bc$2rdamedia
=338  \\$aonline resource$bcr$2rdacarrier
=490  1\$6880-04$aTōyō bunko ;$v416
=505  0\$6880-05$aInshoku chimihō -- Keikaku sōsho -- Tomon taishaku.
=588  0\$aPrint version record.
=650  \0$aCooking, Korean.
=650  \7$aCooking, Korean.$2fast$0(OCoLC)fst01753371
=650  07$6880-06$aRyōri(Chōsen)$2jlabsh/4
=700  1\$6880-07$aChŏng, Tae-sŏng,$d1933-
=700  02$6880-08.$aAndong Chang Ssi,$cChŏngbuin,$d1598-1680$tKyuho siŭibang.$lJapanese.
=700  02$6880-09.$aPinghŏgak Yi Ssi,$d1759-1824$tKyuhap chʻongsŏ.$kSelections.$lJapanese.
=700  12$6880-10.$aHŏ, Kyun,$d1569-1618$tTomun taejak.$lJapanese.
=773  0\$tJapanKnowledge
=776  08$iPrint version:$tChōsen no ryōrisho.$dTōkyō : Heibonsha, 1982
=830  \0$6880-11$aTōyō bunko$v416.
=856  40$3JapanKnowledge$uhttp://japanknowledge.com/lib/display/?lid=80010V0416P0002$yJapanKnowledge Lib
=880  00$6245-01/{dollar}1$a朝鮮の料理書 /$c鄭大声編訳.
=880  \\$6250-02/{dollar}1$a初版.
=880  \\$6260-03/{dollar}1$a東京 :$b平凡社,$c1982.
=880  1\$6490-04/{dollar}1$a東洋文庫 ;$v416
=880  0\$6505-05/{dollar}1$a飮食知味方 -- 閨閤叢書 -- 屠門大嚼.
=880  07$6650-06/{dollar}1$a料理(朝鮮)$2jlabsh/4
=880  1\$6700-07/{dollar}1$a鄭大声,$d1933-
=880  02$6700-08/{dollar}1$a安東張氏,$c貞夫人,$t閨壺是議方.$lJapanese.
=880  02$6700-09/{dollar}1$a憑虛閣李氏,$d1759-1824.$t閨閤叢書.$lJapanese.
=880  12$6700-10/{dollar}1$a許筠,$d1569-1618.$t屠門大嚼.$lJapanese.
=880  \0$6830-11/{dollar}1$a東洋文庫 ;$v416.
=859  \\$aORR$bJapanKnowledge
=CAT  \\$aW1704-1242$b00$c20170509$lBLL01$h0927
=CAT  \\$aBATCH-UPD$b00$c20170509$lBLL01$h0935
=CAT  \\$aBATCH-UPD$b00$c20170509$lBLL01$h0939
=CAT  \\$aW2003-0365$c20200305$lBLL01$h1101
=FIN  \\$aY$d20170509
=SID  \\$aZ30$bOCLC
=SRC  \\$aJapanKnowledge_2017$bJK_OCLC20170203.mrc
=LAS  \\$aW2003-0365$b00$c20200305$lBLL01$h1101

