=LDR  02839 am a22006974i 4500
=001  018338244
=003  Uk
=005  20170106043053.0
=006  m\\\\\o\\d\\\\\\\\
=007  cr\|||||||||||
=008  151112s2002\\\\ja\ab\\\o\\\\\001\1\jpn\d
=FMT  \\$a  BK
=020  \\$z4096580538
=020  \\$z9784096580530
=035  \\$a(OCoLC)928950377
=040  \\$aYUS$beng$cYUS$dOCLCO$dYUS$dOCLCO$dYUS$dOCLCO$dUk$erda$epn
=050  \4$aPL790$b.S6 2002
=245  00$6880-01$aSoga monogatari /$ckōchū, yaku Kajihara Masaaki, Ōtsu Yūichi, Nonaka Tesshō.
=264  \1$6880-02$aTōkyō :$bShōgakkan,$c2002.
=300  \\$a1 online resource.
=336  \\$atext$btxt$2rdacontent
=337  \\$acomputer$bc$2rdamedia
=338  \\$aonline resource$bcr$2rdacarrier
=490  1\$6880-03$aShinpen Nihon koten bungaku zenshū ;$v53
=500  \\$6880-04$aTsuketari geppō.
=500  \\$aIncludes index.
=504  \\$6880-05$aSoga monogatari menpyō: pages 434-440.
=588  \\$aDescription based on print version.
=600  10$6880-06$aSoga, Sukenari,$d1172-1193$vFiction.
=600  10$6880-07$aSoga, Tokimune,$d1174-1193$vFiction.
=600  17$aSoga, Sukenari,$d1172-1193$2fast$0(OCoLC)fst00089764
=600  17$aSoga, Tokimune,$d1174-1193$2fast$0(OCoLC)fst00089763
=655  \7$aFiction.$2fast$0(OCoLC)fst01423787
=700  1\$6880-08$aKajihara, Masaaki,$d1927-1998
=700  1\$6880-09$aŌtsu, Yūichi,$d1954-
=700  1\$6880-10$aNonaka, Tesshō,$d1961-
=773  0\$tJapanKnowledge
=776  08$iPrint version:$tSoga monogatari
=830  \0$6880-11$aShinpen Nihon koten bungaku zenshū$v53.
=856  40$3JapanKnowledge$uhttp://japanknowledge.com/lib/display/?lid=80110V00530001$yJapanKnowledge Lib
=880  00$6245-01/{dollar}1$a曽我物語 /$c校注・訳梶原正昭, 大津雄一, 野中哲照.
=880  \1$6264-02/{dollar}1$a東京 :$b小学館,$c2002.
=880  1\$6490-03/{dollar}1$a新編日本古典文学全集 ;$v53
=880  \\$6500-04/{dollar}1$a付・月報.
=880  \\$6504-05/{dollar}1$a曾我物語年表: pages 434-440.
=880  14$6600-06/{dollar}1$a曾我祐成,$d1172-1193$vFiction.
=880  14$6600-07/{dollar}1$a曾我時致,$d1174-1193$vFiction.
=880  1\$6700-08/{dollar}1$a梶原正昭,$d1927-
=880  1\$6700-09/{dollar}1$a大津雄一,$d1954-
=880  1\$6700-10/{dollar}1$a野中哲照,$d1961-
=880  \0$6830-11/{dollar}1$a新編日本古典文学全集 ;$v53.
=859  \\$aORR$bJapanKnowledge
=CAT  \\$aW1704-1242$b00$c20170509$lBLL01$h0927
=CAT  \\$aBATCH-UPD$b00$c20170509$lBLL01$h0935
=CAT  \\$aBATCH-UPD$b00$c20170509$lBLL01$h0939
=CAT  \\$aW2003-0365$c20200305$lBLL01$h1101
=CAT  \\$aBATCH-UPD$b00$c20200918$lBLL01$h2045
=FIN  \\$aY$d20170509
=SID  \\$aZ30$bOCLC
=SRC  \\$aJapanKnowledge_2017$bJK_OCLC20170203.mrc
=LAS  \\$aBATCH-UPD$b00$c20200918$lBLL01$h2045

