=LDR  02800 am a22007097i 4500
=001  018338245
=003  Uk
=005  20170106043054.0
=006  m\\\\\o\\d\\\\\\\\
=007  cr\un|||||||||
=008  090130s1970\\\\ja\a\\\\ob\\\\000\0\jpn\d
=FMT  \\$a  BK
=019  \\$a645457365
=035  \\$a(OCoLC)300512720$z(OCoLC)645457365
=040  \\$aOCLCE$beng$cOCLCE$dOCL$dCUS$dOCLCQ$dOCLCO$dOCLCQ$dOCLCF$dYUS$dOCLCO$dYUS$dOCLCO$dOCL$dOCLCQ$dYUS$dOCLCO$dUk$epn
=041  1\$ajpn$hkor
=042  \\$adlr
=043  \\$aa-kr---
=050  \4$aBL2240.C5$bO3516
=100  1\$6880-01$aO, Chi-yŏng.
=240  10$6880-02$aTonghaksa.$lJapanese
=245  10$6880-03$aTōgaku shi :$bChōsen minshū undō no kiroku /$cGo Chiei cho ; Kajimura Hideki yakuchū.
=250  \\$6880-04$aShohan.
=260  \\$6880-05$aTōkyō :$bHeibonsha,$cShōwa 45 [1970]
=300  \\$a1 online resource (378 pages) :$billustrations.
=336  \\$atext$btxt$2rdacontent
=337  \\$acomputer$bc$2rdamedia
=338  \\$aonline resource$bcr$2rdacarrier
=490  1\$6880-06$aTōyō bunko ;$v174
=504  \\$aIncludes bibliographical references (pages 373-374).
=588  0\$aPrint version record.
=610  20$6880-07$aCh'ŏndogyo.$xHistory.
=610  27$aCh'ŏndogyo$2fast$0(OCoLC)fst00557553
=611  27$aTonghak Incident (1894)$2fast$0(OCoLC)fst01152519
=648  \7$a1864-1910$2fast
=650  \0$aTonghak Incident, 1894.
=651  \0$aKorea$xHistory$y1864-1910.
=651  \7$aKorea.$2fast$0(OCoLC)fst01206434
=655  \7$aHistory.$2fast$0(OCoLC)fst01411628
=700  1\$6880-08$aKajimura, Hideki.
=773  0\$tJapanKnowledge
=776  08$iPrint version:$aO, Chi-yŏng.$sTonghaksa. Japanese.$tTōgaku shi.$dTōkyō : Heibonsha, Shōwa 45 [1970]
=830  \0$6880-09$aTōyō bunko$v174.
=856  40$3JapanKnowledge$uhttp://japanknowledge.com/lib/display/?lid=80010V0174P0003$yJapanKnowledge Lib
=880  1\$6100-01/{dollar}1$a呉知泳.
=880  10$6240-02/{dollar}1$a東學史.$lJapanese
=880  10$6245-03/{dollar}1$a東学史 :$b朝鮮民衆運動の記錄 /$c呉知泳著 ; 梶村秀樹訳注.
=880  \\$6250-04/{dollar}1$a初版.
=880  \\$6260-05/{dollar}1$a東京 :$b平凡社,$c昭和45 [1970]
=880  1\$6490-06/{dollar}1$a東洋文庫 ;$v174
=880  24$6610-07/{dollar}1$a天道敎$xHistory.
=880  1\$6700-08/{dollar}1$a梶村秀樹.
=880  \0$6830-09/{dollar}1$a東洋文庫 ;$v174.
=859  \\$aORR$bJapanKnowledge
=CAT  \\$aW1704-1242$b00$c20170509$lBLL01$h0927
=CAT  \\$aBATCH-UPD$b00$c20170509$lBLL01$h0935
=CAT  \\$aBATCH-UPD$b00$c20170509$lBLL01$h0939
=CAT  \\$aW2003-0365$c20200305$lBLL01$h1101
=FIN  \\$aY$d20170509
=SID  \\$aZ30$bOCLC
=SRC  \\$aJapanKnowledge_2017$bJK_OCLC20170203.mrc
=LAS  \\$aW2003-0365$b00$c20200305$lBLL01$h1101

