=LDR  02089 am a22005654i 4500
=001  018338246
=003  Uk
=005  20170106043054.0
=006  m\\\\\o\\d\\\\\\\\
=007  cr\|||||||||||
=008  151112s2011\\\\ja\af\\\od\\\\001\0\jpn\c
=FMT  \\$a  BK
=020  \\$z4582126421
=020  \\$z9784582126426
=035  \\$a(OCoLC)928950404
=040  \\$aYUS$beng$cYUS$dOCLCO$dYUS$dOCLCO$dUk$erda$epn
=043  \\$aa-ja---
=050  \4$aPN2924.5.K3$bK2318 2011
=245  00$6880-01$aKabuki jiten /$cHattori Yukio, Tomita Tetsunosuke, Hirosue Tamotsu hen.
=264  \1$6880-03$aTōkyō :$bHeibonsha,$c2011.
=300  \\$a1 online resource
=336  \\$atext$btxt$2rdacontent
=337  \\$acomputer$bc$2rdamedia
=338  \\$aonline resource$bcr$2rdacarrier
=500  \\$aIncludes chronological table.
=504  \\$aIncludes bibliographical references (p. 507-531) and index.
=588  \\$aDescription based on print version.
=650  \0$aKabuki$vDictionaries$xJapanese.
=650  \7$aKabuki.$2fast$0(OCoLC)fst00985596
=655  \7$aDictionaries.$2fast$0(OCoLC)fst01423826
=700  1\$6880-04$aHattori, Yukio.
=700  1\$6880-05$aTomita, Tetsunosuke,$d1926-
=700  1\$6880-06$aHirosue, Tamotsu,$d1919-1993
=773  0\$tJapanKnowledge
=776  08$iPrint version:$tKabuki jiten
=856  40$3JapanKnowledge$uhttp://japanknowledge.com/lib/search/basic/?cids=52620$yJapanKnowledge Lib
=880  00$6245-01$a歌舞伎事典 /$c服部幸雄, 富田鉄之助, 廣末保編.
=880  \1$6264-03$a東京 :$b平凡社,$c2011.
=880  1\$6700-04$a服部幸雄.
=880  1\$6700-05$a富田鉄之助,$d1926-
=880  1\$6700-06$a廣末保,$d1919-1993.
=859  \\$aORR$bJapanKnowledge
=CAT  \\$aW1704-1242$b00$c20170509$lBLL01$h0927
=CAT  \\$aBATCH-UPD$b00$c20170509$lBLL01$h0935
=CAT  \\$aBATCH-UPD$b00$c20170509$lBLL01$h0939
=CAT  \\$aW2003-0365$c20200305$lBLL01$h1101
=FIN  \\$aY$d20170509
=SID  \\$aZ30$bOCLC
=SRC  \\$aJapanKnowledge_2017$bJK_OCLC20170203.mrc
=LAS  \\$aW2003-0365$b00$c20200305$lBLL01$h1101

