=LDR  02679 am a22006617i 4500
=001  018338247
=003  Uk
=005  20170106043055.0
=006  m\\\\\o\\d\\\\\\\\
=007  cr\|||||||||||
=008  100626s1979\\\\ja\\\\\\ob\\\\001\0\jpn\d
=FMT  \\$a  BK
=035  \\$a(OCoLC)643750717
=040  \\$aOCLCE$beng$cOCLCE$dCUS$dOCLCQ$dOCLCF$dOCLCO$dYUS$dOCLCO$dYUS$dOCLCO$dOCL$dOCLCQ$dYUS$dOCLCO$dUk$epn
=041  1\$ajpn$hchi
=042  \\$adlr
=050  \4$aPL2437$b.C516
=100  0\$6880-01$aAying,$d1900-1977
=240  10$6880-02$aWan Qing xiao shou shi.$lJapanese
=245  10$6880-03$aBanshin shōsetsushi /$cA Ei [Sen Kyōson] ; Iizuka Akira, Nakano Miyoko yaku.
=250  \\$6880-04$aShohan.
=260  \\$6880-05$aTōkyō :$bHeibonsha,$c1979.
=300  \\$a1 online resource (vii, 423, 16 pages).
=336  \\$atext$btxt$2rdacontent
=337  \\$acomputer$bc$2rdamedia
=338  \\$aonline resource$bcr$2rdacarrier
=490  1\$6880-06$aTōyō bunko ;$v349
=504  \\$aIncludes bibliographical references and indexes.
=504  \\$aList of the author's works: pages 409-420.
=588  0\$aPrint version record.
=648  \7$a1644-1912$2fast
=650  \0$aChinese fiction$yQing dynasty, 1644-1912$xHistory and criticism.
=650  \7$aChinese fiction.$2fast$0(OCoLC)fst00857362
=650  \7$aQing Dynasty (China)$2fast$0(OCoLC)fst01696773
=655  \7$aCriticism, interpretation, etc.$2fast$0(OCoLC)fst01411635
=700  1\$6880-07$aIizuka, Akira,$d1907-
=700  1\$6880-08$aNakano, Miyoko.
=773  0\$tJapanKnowledge
=776  08$iPrint version:$aAying, 1900-1977.$sWan Qing xiao shou shi. Japanese.$tBanshin shōsetsu shi.$dTōkyō : Heibonsha, 1979
=830  \0$6880-09$aTōyō bunko$v349.
=856  40$3JapanKnowledge$uhttp://japanknowledge.com/lib/display/?lid=80010V0349P0002$yJapanKnowledge Lib
=880  0\$6100-01/{dollar}1$a阿英,$d1900-1977.
=880  10$6240-02/{dollar}1$a晚清小說史.$lJapanese
=880  10$6245-03/{dollar}1$a晚清小說史 /$c阿英[銭杏邨] ; 飯塚朗, 中野美代子訳.
=880  \\$6250-04/{dollar}1$a初版.
=880  \\$6260-05/{dollar}1$a東京 :$b平凡社,$c1979.
=880  1\$6490-06/{dollar}1$a東洋文庫 ;$v349
=880  1\$6700-07/{dollar}1$a飯塚朗,$d1907-
=880  1\$6700-08/{dollar}1$a中野美代子.
=880  \0$6830-09/{dollar}1$a東洋文庫 ;$v349.
=859  \\$aORR$bJapanKnowledge
=CAT  \\$aW1704-1242$b00$c20170509$lBLL01$h0927
=CAT  \\$aBATCH-UPD$b00$c20170509$lBLL01$h0935
=CAT  \\$aW2003-0365$c20200305$lBLL01$h1101
=FIN  \\$aY$d20170509
=SID  \\$aZ30$bOCLC
=SRC  \\$aJapanKnowledge_2017$bJK_OCLC20170203.mrc
=LAS  \\$aW2003-0365$b00$c20200305$lBLL01$h1101

