=LDR  02930 am a22006854i 4500
=001  018338248
=003  Uk
=005  20170106043055.0
=006  m\\\\\o\\d\\\\\\\\
=007  cr\|||||||||||
=008  160115s2001\\\\ja\\\\\\ob\\\\000\0\jpn\d
=FMT  \\$a  BK
=020  \\$z456005844X
=020  \\$z9784560058442
=035  \\$a(OCoLC)934799144
=040  \\$aSTF$beng$cYUS$dOCLCO$dYUS$dOCLCO$dOCLCF$dUk$erda$epn
=041  1\$ajpn$hfre
=050  \4$aQP84.6$bR4163 2001
=100  1\$aReinberg, Alain,$eauthor.
=240  10$aRythmes biologiques (chronobiologie)$lJapanese
=245  10$6880-01$aJikan seibutsugaku to wa nani ka /$cAran Renbēru cho ; Matsuoka Yoshitaka, Matsuoka Keiko yaku.
=264  \1$6880-02$aTōkyō :$bHakusuisha,$c2001.
=300  \\$a1 online resource.
=336  \\$atext$btxt$2rdacontent
=337  \\$acomputer$bc$2rdamedia
=338  \\$aonline resource$bcr$2rdacarrier
=490  1\$6880-03$aBunko kuseju ;$v844
=500  \\$aTranslation of: Les rythmes biologiques (chronobiologie).
=504  \\$aIncludes bibliographical references.
=588  \\$aDescription based on print version record.
=650  \7$6880-04$aSeibutsu dokei.$2jlabsh
=650  \7$6880-05$aShukisei.$2jlabsh
=650  \7$6880-06$aBaiorizumu.$2jlabsh
=650  \0$aBiological rhythms.
=650  \7$aBiological rhythms.$2fast$0(OCoLC)fst00832316
=700  1\$6880-07$aMatsuoka, Yoshitaka,$etranslator.
=700  1\$6880-08$aMatsuoka, Keiko,$d1935-$etranslator.
=730  0\$aRythmes biologiques (chronobiologie)
=773  0\$tJapanKnowledge
=776  08$6880-09$iPrint version:$aReinberg, Alain.$sRythmes biologiques (chronobiologie) Japanese.$tJikan seibutsugaku to wa nani ka.$dTōkyō : Hakusuisha, 2001
=830  \0$6880-10$aBunko kuseju$v844.
=856  40$3JapanKnowledge$uhttp://japanknowledge.com/lib/display/?lid=8021008440000$yJapanKnowledge Lib
=880  10$6245-01$a時間生物学とは何か /$cアラン・レンベール著 ; 松岡芳隆, 松岡慶子訳.
=880  \1$6264-02$a東京 :$b白水社,$c2001.
=880  1\$6490-03$a文庫クセジュ ;$v844
=880  \7$6650-04$a生物時計.$2jlabsh
=880  \7$6650-05$a周期性.$2jlabsh
=880  \7$6650-06$aバイオリズム.$2jlabsh
=880  1\$6700-07$a松岡芳隆,$etranslator.
=880  1\$6700-08$a松岡慶子,$d1935-$etranslator.
=880  08$6776-09$iPrint version:$aReinberg, Alain.$sRythmes biologiques (chronobiologie) Japanese.$t時間生物学とは何か.$d東京 : 白水社, 2001$w(OCoLC)54703727
=880  \0$6830-10$a文庫クセジュ ;$v844.
=859  \\$aORR$bJapanKnowledge
=CAT  \\$aW1704-1242$b00$c20170509$lBLL01$h0927
=CAT  \\$aBATCH-UPD$b00$c20170509$lBLL01$h0935
=CAT  \\$aW2003-0365$c20200305$lBLL01$h1101
=FIN  \\$aY$d20170509
=SID  \\$aZ30$bOCLC
=SRC  \\$aJapanKnowledge_2017$bJK_OCLC20170203.mrc
=LAS  \\$aW2003-0365$b00$c20200305$lBLL01$h1101

