=LDR  02212 am a22005894i 4500
=001  018338249
=003  Uk
=005  20170106043055.0
=006  m\\\\\o\\d\\\\\\\\
=007  cr\|||||||||||
=008  151113s2004\\\\ja\\\\\\o\\\\\000\0\jpn\d
=FMT  \\$a  BK
=020  \\$z4560058741
=020  \\$z9784560058749
=035  \\$a(OCoLC)929031328
=040  \\$aCNEAL$beng$cYUS$dOCLCO$dYUS$dOCLCO$dUk$erda$epn
=041  1\$ajpn$hfre
=050  \4$aP91$b.C38165 2004
=100  1\$aCaune, Jean,$eauthor.
=240  10$aEstȟtique de la communication.$lJapanese
=245  10$6880-01$aKomyunikēshon no bigaku /$cJan Kōnu cho ; Ogura Masashi yaku.
=264  \1$6880-02$aTōkyō :$bHakusuisha,$c2004.
=300  \\$a1 online resource.
=336  \\$atext$btxt$2rdacontent
=337  \\$acomputer$bc$2rdamedia
=338  \\$aonline resource$bcr$2rdacarrier
=490  1\$6880-03$aBunko kuseju ;$v874
=500  \\$aTranslation of: Estȟtique de la communication.
=588  \\$aDescription based on print version.
=650  \0$aAesthetics.
=650  \0$aCommunication$xPhilosophy.
=650  \7$aAesthetics.$2fast$0(OCoLC)fst00798702
=650  \7$aCommunication$xPhilosophy.$2fast$0(OCoLC)fst00869981
=700  1\$6880-04$aOgura, Masashi,$d1934-
=773  0\$tJapanKnowledge
=776  08$iPrint version:$tKomyunikeshon no bigaku
=830  \0$6880-05$aBunko kuseju$v874.
=856  40$3JapanKnowledge$uhttp://japanknowledge.com/lib/display/?lid=8021008740000$yJapanKnowledge Lib
=880  10$6245-01/{dollar}1$aコミュニケーションの美学 /$cジャン・コーヌ著 ; 小倉正史訳.
=880  \1$6264-02/{dollar}1$a東京 :$b白水社,$c2004.
=880  1\$6490-03/{dollar}1$a文庫クセジュ ;$v874
=880  1\$6700-04/{dollar}1$a小倉正史,$d1934-
=880  \0$6830-05/{dollar}1$a文庫クセジュ ;$v874.
=859  \\$aORR$bJapanKnowledge
=CAT  \\$aW1704-1242$b00$c20170509$lBLL01$h0927
=CAT  \\$aBATCH-UPD$b00$c20170509$lBLL01$h0935
=CAT  \\$aBATCH-UPD$b00$c20171016$lBLL01$h2018
=CAT  \\$aW2003-0365$c20200305$lBLL01$h1101
=FIN  \\$aY$d20170509
=SID  \\$aZ30$bOCLC
=SRC  \\$aJapanKnowledge_2017$bJK_OCLC20170203.mrc
=LAS  \\$aW2003-0365$b00$c20200305$lBLL01$h1101

