=LDR  02653 am a22006977a 4500
=001  018338250
=003  Uk
=005  20170106043056.0
=006  m\\\\\o\\d\\\\\\\\
=007  cr\|||||||||||
=008  111006s1999\\\\ja\a\\\\o\\\\\000\0\jpn\d
=FMT  \\$a  BK
=019  \\$a301278046
=020  \\$z4582806589
=020  \\$z9784582806588
=035  \\$a(OCoLC)755998058$z(OCoLC)301278046
=040  \\$aOCLCE$beng$cOCLCE$dCUS$dOCLCQ$dOCLCF$dOCLCQ$dOCLCO$dYUS$dOCLCO$dYUS$dOCLCO$dOCLCQ$dYUS$dOCLCO$dUk$epn
=042  \\$adlr
=043  \\$aa-ja---
=050  \4$aPL801.W3$bB66 1999
=084  \\$a914.6$2njb/9
=100  1\$6880-01$aAwashima, Kangetsu,$d1859-1926
=245  10$6880-02$aBon'un'an zatsuwa /$cAwashima Kangetsu cho ; Kōno Toshirō kaisetsu.
=250  \\$6880-03$aShohan.
=260  \\$6880-04$aTōkyō :$bHeibonsha,$c1999.
=300  \\$a1 online resource (289 pages) :$billustrations.
=336  \\$atext$btxt$2rdacontent
=337  \\$acomputer$bc$2rdamedia
=338  \\$aonline resource$bcr$2rdacarrier
=490  1\$6880-05$aTōyō bunko ;$v658
=500  \\$6880-06$aEssays.
=588  0\$aPrint version record.
=650  \0$aToys$zJapan.
=650  \7$aCivilization.$2fast$0(OCoLC)fst00862898
=650  \7$aToys.$2fast$0(OCoLC)fst01153487
=651  \0$aTokyo (Japan)$xCivilization.
=651  \7$aJapan$zTokyo.$2fast$0(OCoLC)fst01204835
=651  \7$aJapan.$2fast$0(OCoLC)fst01204082
=700  1\$6880-07$aKōno, Toshirō.
=773  0\$tJapanKnowledge
=776  08$iPrint version:$aAwashima, Kangetsu, 1859-1926.$tBon'un'an zatsuwa.$dTōkyō : Heibonsha, 1999$z4582806589
=830  \0$6880-08$aTōyō bunko$v658.
=856  40$3JapanKnowledge$uhttp://japanknowledge.com/lib/display/?lid=80010V0658P0002$yJapanKnowledge Lib
=880  1\$6100-01/{dollar}1$a淡島寒月,$d1859-1926.
=880  10$6245-02/{dollar}1$a梵雲庵雑話 /$c淡島寒月著 ; 紅野敏郎解說.
=880  \\$6250-03/{dollar}1$a初版.
=880  \\$6260-04/{dollar}1$a東京 :$b平凡社,$c1999.
=880  1\$6490-05/{dollar}1$a東洋文庫 ;$v658
=880  \\$6500-00/{dollar}1$a寒月年表:p245-248.
=880  \\$6500-06/{dollar}1$a書物展望社昭和8年刊の再刊.
=880  1\$6700-07/{dollar}1$a紅野敏郎.
=880  \0$6830-08/{dollar}1$a東洋文庫 ;$v658.
=859  \\$aORR$bJapanKnowledge
=CAT  \\$aW1704-1242$b00$c20170509$lBLL01$h0927
=CAT  \\$aBATCH-UPD$b00$c20170509$lBLL01$h0935
=CAT  \\$aBATCH-UPD$b00$c20170509$lBLL01$h0939
=CAT  \\$aW2003-0365$c20200305$lBLL01$h1101
=FIN  \\$aY$d20170509
=SID  \\$aZ30$bOCLC
=SRC  \\$aJapanKnowledge_2017$bJK_OCLC20170203.mrc
=LAS  \\$aW2003-0365$b00$c20200305$lBLL01$h1101

