=LDR  02211 am a2200553 a 4500
=001  018338251
=003  Uk
=005  20170106043056.0
=006  m\\\\\o\\d\\\\\\\\
=007  cr\un|||||||||
=008  120412s1967\\\\ja\\\\\\ob\\\\000\0\jpn\d
=FMT  \\$a  BK
=035  \\$a(OCoLC)785639020
=040  \\$aCUS$beng$cCUS$dOCLCQ$dYUS$dOCLCO$dOCLCQ$dYUS$dOCLCO$dOCLCQ$dYUS$dOCLCO$dUk
=050  \4$aPL793.K53$bK56 1967
=245  00$6880-01$aKinō wa kyō no monogatari :$bkinsei shōwa no so /$cMutō Sadao yaku.
=250  \\$6880-02$aShohan.
=260  \\$6880-03$aTōkyō :$bHeibonsha,$cShōwa 42 [1967]
=300  \\$a1 online resource (10, 266 pages).
=336  \\$atext$btxt$2rdacontent
=337  \\$acomputer$bc$2rdamedia
=338  \\$aonline resource$bcr$2rdacarrier
=490  1\$6880-04$aTōyō bunko ;$v102
=504  \\$aIncludes bibliographical references (pages 262-266).
=588  0\$aPrint version record.
=630  00$6880-05$aKinō wa kyō no monogatari
=650  \0$aJapanese wit and humor.
=700  1\$6880-06$aMutō, Sadao,$d1926-
=773  0\$tJapanKnowledge
=776  08$iPrint version:$tKinō wa kyō no monogatari.$bShohan.$dTōkyō : Heibonsha, Shōwa 42 [1967]
=830  \0$6880-07$aTōyō bunko$v102.
=856  40$3JapanKnowledge$uhttp://japanknowledge.com/lib/display/?lid=80010V0102P0002$yJapanKnowledge Lib
=880  0\$6130-00/{dollar}1$aきのふはけふの物語.
=880  10$6245-01/{dollar}1$a昨日は今日の物語 :$b近世笑話の祖 /$c武藤禎夫訳.
=880  \\$6250-02/{dollar}1$a初版.
=880  \\$6260-03/{dollar}1$a東京 :$b平凡社,$c昭和42 [1967]
=880  1\$6490-04/{dollar}1$a東洋文庫 ;$v102
=880  04$6630-05/{dollar}1$aきのふはけふの物語.
=880  1\$6700-06/{dollar}1$a武藤禎夫,$d1926-
=880  \0$6830-07/{dollar}1$a東洋文庫 ;$v102.
=859  \\$aORR$bJapanKnowledge
=CAT  \\$aW1704-1242$b00$c20170509$lBLL01$h0927
=CAT  \\$aBATCH-UPD$b00$c20170509$lBLL01$h0935
=CAT  \\$aW2003-0365$c20200305$lBLL01$h1101
=CAT  \\$aBATCH-UPD$b00$c20200717$lBLL01$h2020
=FIN  \\$aY$d20170509
=SID  \\$aZ30$bOCLC
=SRC  \\$aJapanKnowledge_2017$bJK_OCLC20170203.mrc
=LAS  \\$aBATCH-UPD$b00$c20200717$lBLL01$h2020

