=LDR  02965 am a22006977a 4500
=001  018338252
=003  Uk
=005  20170106043057.0
=006  m\\\\\o\\d\\\\\\\\
=007  cr\|||||||||||
=008  100315s1966\\\\ja\a\\\\ob\\\\000\0\jpn\d
=FMT  \\$a  BK
=019  \\$a298897653
=035  \\$a(OCoLC)555977597$z(OCoLC)298897653
=040  \\$aOCLCE$beng$cOCLCE$dOCLCQ$dCUS$dOCLCQ$dOCLCO$dOCLCF$dOCLCO$dYUS$dOCLCO$dYUS$dOCLCO$dOCLCQ$dYUS$dOCLCO$dUk$epn
=041  1\$ajpn$hmon
=042  \\$adlr
=043  \\$aa-mp---
=050  \4$aGR336.M66$bT482 1966
=082  04$a951.73$221
=130  0\$aTextes oraux ordos.$kSelections.$lJapanese.
=245  00$6880-01$aOrudosu kōhishū :$bMongoru no minkan denshō /$cA. Mosutāruto [hen]cho ; Isono Fujiko yaku.
=250  \\$6880-02$aShohan.
=260  \\$6880-03$aTōkyō :$bHeibonsha,$cShōwa 41 [1966]
=300  \\$a1 online resource (20, 285, 6 pages) :$billustrations.
=336  \\$atext$btxt$2rdacontent
=337  \\$acomputer$bc$2rdamedia
=338  \\$aonline resource$bcr$2rdacarrier
=490  1\$6880-04$aTōyō bunko ;$v59
=500  \\$aSelected translation of: Textes oraux ordos / comp. by Antoine Mostaert. 1937. In Mongol in romanized form.
=504  \\$aAnnotated bibliography: pages 284-285.
=588  0\$aPrint version record.
=650  \0$aFolklore$zMongolia.
=650  \0$aOrdos (Mongolian people)
=650  \7$aFolklore.$2fast$0(OCoLC)fst00930306
=650  \7$aOrdos (Mongolian people)$2fast$0(OCoLC)fst01047469
=651  \7$aMongolia.$2fast$0(OCoLC)fst01208752
=653  \\$6880-05$aMukashibanashi$aMongoru Jinmin Kyōwakoku.
=653  \\$6880-06$aKotowaza$aMongoru Jinmin Kyōwakoku.
=700  1\$6880-07$aIsono, Fujiko,$d1918-
=700  1\$aMostaert, Antoine,$d1881-1971.
=773  0\$tJapanKnowledge
=776  08$iPrint version:$aTextes oraux ordos. Japanese. Selections.$tOrudosu kōhishū.$bShohan.$dTōkyō : Heibonsha, Shōwa 41 [1966]
=830  \0$6880-08$aTōyō bunko$v59.
=856  40$3JapanKnowledge$uhttp://japanknowledge.com/lib/display/?lid=80010V0059P0002$yJapanKnowledge Lib
=880  00$6245-01/{dollar}1$aオルドス口碑集 :$bモンゴルの民間伝承 /$cA. モスタールト [編]著 ; 磯野富士子訳.
=880  \\$6250-02/{dollar}1$a初版.
=880  \\$6260-03/{dollar}1$a東京 :$b平凡社,$c昭和41 [1966]
=880  1\$6490-04/{dollar}1$a東洋文庫 ;$v59
=880  \\$6653-05/{dollar}1$a昔話$aモンゴル人民共和国.
=880  \\$6653-06/{dollar}1$a諺$aモンゴル人民共和国.
=880  1\$6700-07/{dollar}1$a磯野富士子,$d1918-
=880  \0$6830-08/{dollar}1$a東洋文庫 ;$v59.
=859  \\$aORR$bJapanKnowledge
=CAT  \\$aW1704-1242$b00$c20170509$lBLL01$h0927
=CAT  \\$aBATCH-UPD$b00$c20170509$lBLL01$h0935
=CAT  \\$aW2003-0365$c20200305$lBLL01$h1101
=FIN  \\$aY$d20170509
=SID  \\$aZ30$bOCLC
=SRC  \\$aJapanKnowledge_2017$bJK_OCLC20170203.mrc
=LAS  \\$aW2003-0365$b00$c20200305$lBLL01$h1101

