=LDR  02239 am a22005534i 4500
=001  018338253
=003  Uk
=005  20170106043057.0
=006  m\\\\\o\\d\\\\\\\\
=007  cr\|||||||||||
=008  151112s2012\\\\ja\a\\\\od\\\\001\0djpn\d
=FMT  \\$a  BK
=035  \\$a(OCoLC)928950748
=040  \\$aYUS$beng$cYUS$dOCLCO$dYUS$dOCLCO$dUk$erda$epn
=043  \\$aa-ja---
=050  \4$aPL721.C4$bN542 2012
=245  00$6880-01$aNihon kakū denshō jinmei jiten /$chenshū iin Ōsumi Kazuo ... [et al.].
=246  31$6880-02$aShinpan Nihon kakū denshō jinmei jiten
=264  \1$6880-04$aTōkyō :$bHeibonsha,$c2012.
=300  \\$a1 online resource
=336  \\$atext$btxt$2rdacontent
=337  \\$acomputer$bc$2rdamedia
=338  \\$aonline resource$bcr$2rdacarrier
=500  \\$aIncludes index.
=588  \\$aDescription based on print version.
=650  \0$aCharacters and characteristics in literature$vDictionaries$xJapanese.
=650  \0$aJapanese literature$vDictionaries$xJapanese.
=650  \7$aCharacters and characteristics in literature.$2fast$0(OCoLC)fst00852295
=650  \7$aJapanese literature.$2fast$0(OCoLC)fst00981803
=651  \0$aJapan$vBiography$vDictionaries$xJapanese.
=651  \7$aJapan.$2fast$0(OCoLC)fst01204082
=655  \7$aBiography$vDictionaries.$2fast$0(OCoLC)fst01423824
=655  \7$aDictionaries.$2fast$0(OCoLC)fst01423826
=700  1\$6880-05$aŌsumi, Kazuo,$d1932-
=773  0\$tJapanKnowledge
=776  08$iPrint version:$tNihon kakū denshō jinmei jiten
=856  40$3JapanKnowledge$uhttp://japanknowledge.com/lib/search/basic/?cids=52510$yJapanKnowledge Lib
=880  00$6245-01$a日本架空伝承人名事典 /$c編集委員大隅和雄 ... [et al.].
=880  31$6246-02$a新版日本架空伝承人名事典
=880  \1$6264-04$a東京 :$b平凡社,$c2012.
=880  1\$6700-05$a大隅和雄,$d1932-
=859  \\$aORR$bJapanKnowledge
=CAT  \\$aW1704-1242$b00$c20170509$lBLL01$h0927
=CAT  \\$aBATCH-UPD$b00$c20170509$lBLL01$h0935
=CAT  \\$aW2003-0365$c20200305$lBLL01$h1101
=FIN  \\$aY$d20170509
=SID  \\$aZ30$bOCLC
=SRC  \\$aJapanKnowledge_2017$bJK_OCLC20170203.mrc
=LAS  \\$aW2003-0365$b00$c20200305$lBLL01$h1101

