=LDR  02661 am a22006734i 4500
=001  018338254
=003  Uk
=005  20170106043057.0
=006  m\\\\\o\\d\\\\\\\\
=007  cr\|||||||||||
=008  151112s1994\\\\ja\abj\\ob\\\\001\0\jpn\d
=FMT  \\$a  BK
=020  \\$z4096580112
=020  \\$z9784096580110
=035  \\$a(OCoLC)928950409
=040  \\$aYUS$beng$cYUS$dOCLCO$dYUS$dOCLCO$dOCL$dYUS$dOCLCO$dUk$erda$epn
=050  \4$aPL753$b.S55 1994 v. 11
=245  00$6880-01$aKokin wakashū /$ckōchū yaku Ozawa Masao, Matsuda Shigeho.
=264  \1$6880-02$aTōkyō :$bShōgakkan,$c1994.
=300  \\$a1 online resource.
=336  \\$atext$btxt$2rdacontent
=337  \\$acomputer$bc$2rdamedia
=338  \\$aonline resource$bcr$2rdacarrier
=490  1\$6880-03$aShinpen Nihon koten bungaku zenshū ;$v11
=500  \\$aAttributed to Ki no Tsurayuki as the compiler. Cf. p. 521-522.
=504  \\$aIncludes bibliographical references and index.
=588  \\$aDescription based on print version.
=630  00$6880-04$aKokin wakashū
=630  07$aKokin wakashū.$2fast$0(OCoLC)fst01363248
=648  \7$a794-1185$2fast
=650  \0$aJapanese poetry$yHeian period, 794-1185.
=650  \0$aWaka.
=650  \7$aJapanese poetry$xHeian period.$2fast$0(OCoLC)fst01710990
=650  \7$aWaka.$2fast$0(OCoLC)fst01169959
=700  1\$6880-05$aKi, Tsurayuki,$d-945 or 946
=700  1\$6880-06$aOzawa, Masao,$d1912-2005
=700  1\$6880-07$aMatsuda, Shigeho,$d1926-2001
=773  0\$tJapanKnowledge
=776  08$iPrint version:$tKokin wakashū
=830  \0$6880-08$aShinpen Nihon koten bungaku zenshū$v11.
=856  40$3JapanKnowledge$uhttp://japanknowledge.com/lib/display/?lid=80110V00110015$yJapanKnowledge Lib
=880  00$6245-01/{dollar}1$a古今和歌集 /$c校注・訳小沢正夫, 松田成穂.
=880  \1$6264-02/{dollar}1$a東京 :$b小学館,$c1994.
=880  1\$6490-03/{dollar}1$a新編日本古典文学全集 ;$v11
=880  04$6630-04/{dollar}1$a古今和歌集.
=880  1\$6700-05/{dollar}1$a紀貫之,$d-945 or 946.
=880  1\$6700-06/{dollar}1$a小沢正夫,$d1912-
=880  1\$6700-07/{dollar}1$a松田成穂,$d1926-
=880  \0$6830-08/{dollar}1$a新編日本古典文学全集 ;$v11.
=859  \\$aORR$bJapanKnowledge
=CAT  \\$aW1704-1242$b00$c20170509$lBLL01$h0927
=CAT  \\$aBATCH-UPD$b00$c20170509$lBLL01$h0935
=CAT  \\$aBATCH-UPD$b00$c20170509$lBLL01$h0939
=CAT  \\$aW2003-0365$c20200305$lBLL01$h1101
=CAT  \\$aBATCH-UPD$b00$c20200918$lBLL01$h2045
=FIN  \\$aY$d20170509
=SID  \\$aZ30$bOCLC
=SRC  \\$aJapanKnowledge_2017$bJK_OCLC20170203.mrc
=LAS  \\$aBATCH-UPD$b00$c20200918$lBLL01$h2045

