=LDR  02436 am a22006134i 4500
=001  018338255
=003  Uk
=005  20170106043058.0
=006  m\\\\\o\\d\\\\\\\\
=007  cr\|||||||||||
=008  160115s2000\\\\ja\\\\\\o\\\\\001\0\jpn\d
=FMT  \\$a  BK
=020  \\$z4560058334
=020  \\$z9784560058336
=035  \\$a(OCoLC)934799170
=040  \\$aSTF$beng$cYUS$dOCLCO$dYUS$dOCLCO$dOCLCF$dUk$erda$epn
=041  1\$ajpn$hfre
=050  \4$aP301$b.R4163 2000
=100  1\$aReboul, Olivier,$eauthor.
=240  10$aRhétorique.$lJapanese
=245  10$6880-01$aRetorikku /$cOrivie Rubūru cho ; Sano Yasuo yaku.
=264  \1$6880-02$aTokyo :$bHakusuisha,$c2000.
=300  \\$a1 online resource.
=336  \\$atext$btxt$2rdacontent
=337  \\$acomputer$bc$2rdamedia
=338  \\$aonline resource$bcr$2rdacarrier
=490  1\$6880-03$aBunko kuseju ;$v833
=500  \\$aTranslation of: La rhétorique. Paris : Presses universitaires de France, 1990.
=588  \\$aDescription based on print version record.
=650  \7$6880-04$aEnzetsuho.$2jlabsh
=650  \7$6880-05$aShujigaku.$2jlabsh
=650  \0$aRhetoric.
=650  \7$aRhetoric.$2fast$0(OCoLC)fst01096948
=700  1\$6880-06$aSano, Yasuo,$d1950-$etranslator.
=773  0\$tJapanKnowledge
=776  08$6880-07$iPrint version:$aReboul, Olivier.$sRhétorique. Japanese.$tRetorikku.$dTōkyō : Hakusuisha, 2000
=830  \0$6880-08$aBunko kuseju$v833.
=856  40$3JapanKnowledge$uhttp://japanknowledge.com/lib/display/?lid=8021008330000$yJapanKnowledge Lib
=880  10$6245-01$aレトリック /$cオリヴィエ・ルブール著 ; 佐野泰雄訳.
=880  \1$6264-02$a東京 :$b白水社,$c2000.
=880  1\$6490-03$a文庫クセジュ ;$v833
=880  \7$6650-04$a演說法.$2jlabsh
=880  \7$6650-05$a修辞学.$2jlabsh
=880  1\$6700-06$a佐野, 泰雄,$d1950-$etranslator.
=880  08$6776-07$iPrint version:$aReboul, Olivier.$sRhétorique. Japanese.$tレトリック.$d東京 : 白水社, 2000$w(OCoLC)122907271
=880  \0$6830-08$a文庫クセジュ ;$v833.
=859  \\$aORR$bJapanKnowledge
=CAT  \\$aW1704-1242$b00$c20170509$lBLL01$h0927
=CAT  \\$aBATCH-UPD$b00$c20170509$lBLL01$h0935
=CAT  \\$aW2003-0365$c20200305$lBLL01$h1101
=FIN  \\$aY$d20170509
=SID  \\$aZ30$bOCLC
=SRC  \\$aJapanKnowledge_2017$bJK_OCLC20170203.mrc
=LAS  \\$aW2003-0365$b00$c20200305$lBLL01$h1101

