=LDR  02985 am a22007094i 4500
=001  018338256
=003  Uk
=005  20170807111400.0
=006  m\\\\\o\\d\\\\\\\\
=007  cr\|||||||||||
=008  151112s2002\\\\ja\a\\\\ob\\\\001\1\jpn\d
=FMT  \\$a  BK
=020  \\$z4096580392
=020  \\$z9784096580394
=035  \\$a(OCoLC)928950727
=040  \\$aYUS$beng$cYUS$dOCLCO$dYUS$dOCLCA$dYUS$dOCLCO$dUk$erda$epn
=050  \4$aPL753$b.S55 1994 v.39
=245  00$6880-01$aSumiyoshi monogatari.$bTorikaebaya monogatari /$ckōchū, yaku Misumi Yōichi, Ishino Keiko.
=246  3\$6880-02$aSumiyoshi monogatari. Torikaebaya monogatari
=246  30$6880-03$aTorikaebaya monogatari
=264  \1$6880-04$aTōkyō :$bShōgakkan,$c2002.
=300  \\$a1 online resource.
=336  \\$atext$btxt$2rdacontent
=337  \\$acomputer$bc$2rdamedia
=338  \\$aonline resource$bcr$2rdacarrier
=490  1\$6880-05$aShinpen Nihon koten bungaku zenshū ;$v39
=500  \\$6880-06$aTsuketari: geppō.
=504  \\$aIncludes bibliographical references (: pages 538-539) and index.
=588  \\$aDescription based on print version.
=630  00$6880-07$aSumiyoshi monogatari
=630  00$6880-08$aTorikaebaya monogatari
=630  07$aSumiyoshi monogatari.$2fast$0(OCoLC)fst01370000
=630  07$aTorikaebaya monogatari.$2fast$0(OCoLC)fst01362994
=700  1\$6880-09$aMisumi, Yōichi,$d1948-2016
=700  1\$6880-10$aIshino, Keiko,$d1940-
=773  0\$tJapanKnowledge
=776  08$iPrint version:$tSumiyoshi monogatari
=830  \0$6880-11$aShinpen Nihon koten bungaku zenshū$v39.
=856  40$3JapanKnowledge Volume 2$uhttp://japanknowledge.com/lib/display/?lid=80110V00390157$yJapanKnowledge Lib
=856  40$3JapanKnowledge Volume 1$uhttp://japanknowledge.com/lib/display/?lid=80110V00390009$yJapanKnowledge Lib
=880  00$6245-01/{dollar}1$a住吉物語.$bとりかへばや物語 /$c校注・訳 三角洋一, 石埜敬子.
=880  3\$6246-02/{dollar}1$a住吉物語. とりかへばや物語
=880  30$6246-03/{dollar}1$aとりかへばや物語
=880  \1$6264-04/{dollar}1$a東京 :$b小学館,$c2002.
=880  1\$6490-05/{dollar}1$a新編日本古典文学全集 ;$v39
=880  \\$6500-06/{dollar}1$a付: 月報.
=880  04$6630-07/{dollar}1$a住吉物語.
=880  04$6630-08/{dollar}1$aとりかへばや物語.
=880  1\$6700-09/{dollar}1$a三角洋一,$d1948-
=880  1\$6700-10/{dollar}1$a石埜敬子,$d1940-
=880  \0$6830-11/{dollar}1$a新編日本古典文学全集 ;$v39.
=859  \\$aORR$bJapanKnowledge
=CAT  \\$aW1704-1242$b00$c20170509$lBLL01$h0927
=CAT  \\$aBATCH-UPD$b00$c20170509$lBLL01$h0935
=CAT  \\$aBATCH-UPD$b00$c20170509$lBLL01$h0939
=CAT  \\$a9572$b40$c20170807$lBLL01$h1114
=CAT  \\$aW2003-0365$c20200305$lBLL01$h1101
=CAT  \\$aBATCH-UPD$b00$c20200918$lBLL01$h2045
=FIN  \\$aY$d20170509
=SID  \\$aZ30$bOCLC
=SRC  \\$aJapanKnowledge_2017$bJK_OCLC20170203.mrc
=LAS  \\$aBATCH-UPD$b00$c20200918$lBLL01$h2045

