=LDR  02352 tm a22005894i 4500
=001  018338257
=003  Uk
=005  20170106043058.0
=006  m\\\\\o\\d\\\\\\\\
=007  cr\|||||||||||
=008  151113s2007\\\\ja\\\\\\o\\\\\000\0\jpn\d
=FMT  \\$a  BK
=020  \\$z456050914X
=020  \\$z9784560509142
=035  \\$a(OCoLC)929031353
=040  \\$aCNEAL$beng$cYUS$dOCLCO$dYUS$dOCLCO$dOCLCF$dUk$erda$epn
=041  1\$ajpn$hfre
=050  \4$aRJ496.L35$bD36165 2007
=100  1\$aDanon-Boileau, Laurent,$d1946-$eauthor.
=245  10$6880-01$aKodomo no komyunikēshon shōgai /$cRoran Danon-Bowarō cho ; Katō Yoshinobu, Ikawa Mayumi yaku.
=264  \1$6880-02$aTōkyō :$bHakusuisha,$c2007.
=300  \\$a1 online resource.
=336  \\$atext$btxt$2rdacontent
=337  \\$acomputer$bc$2rdamedia
=338  \\$aonline resource$bcr$2rdacarrier
=490  1\$6880-03$aBunko kuseju ;$v914
=588  \\$aDescription based on print version.
=650  \0$aLanguage disorders in children.
=650  \0$aChildren$xLanguage.
=650  \7$aChildren$xLanguage.$2fast$0(OCoLC)fst00855024
=650  \7$aLanguage disorders in children.$2fast$0(OCoLC)fst00992379
=700  1\$6880-04$aKatō, Yoshinobu,$d1947-
=700  1\$6880-05$aIkawa, Mayumi,$d1970-
=730  0\$aTroubles du langage et de la communication chez l'enfant.
=773  0\$tJapanKnowledge
=776  08$iPrint version:$tKodomo no komyunikēshon shōgai.
=830  \0$6880-06$aBunko kuseju$v914.
=856  40$3JapanKnowledge$uhttp://japanknowledge.com/lib/display/?lid=8021009140000$yJapanKnowledge Lib
=880  10$6245-01/{dollar}1$a子どものコミュニケーション障害 /$cロラン・ダノン=ボワロー著 ; 加藤義信, 井川真由美訳.
=880  \1$6264-02/{dollar}1$a東京 :$b白水社,$c2007.
=880  1\$6490-03/{dollar}1$a文庫クセジュ ;$v914
=880  1\$6700-04/{dollar}1$a加藤義信,$d1947-
=880  1\$6700-05/{dollar}1$a井川真由美,$d1970-
=880  \0$6830-06/{dollar}1$a文庫クセジュ ;$v914.
=859  \\$aORR$bJapanKnowledge
=CAT  \\$aW1704-1242$b00$c20170509$lBLL01$h0927
=CAT  \\$aBATCH-UPD$b00$c20170509$lBLL01$h0935
=CAT  \\$aW2003-0365$c20200305$lBLL01$h1101
=FIN  \\$aY$d20170509
=SID  \\$aZ30$bOCLC
=SRC  \\$aJapanKnowledge_2017$bJK_OCLC20170203.mrc
=LAS  \\$aW2003-0365$b00$c20200305$lBLL01$h1101

