=LDR  03315cai a2200745 i 4500
=001  018338258
=003  Uk
=005  20230223163554.0
=006  m\\\\\o\\u\\\\\\\\
=007  cr\cnu||||||||
=008  040907c20019999ja\uu\d\o\deh\0\\\\2jpn\c
=FMT  \\$a  SE
=010  \\$a2016234575
=035  \\$a(OCoLC)56431036
=040  \\$aKKU$beng$cKKU$dGZM$dNDD$dIUL$dCOO$dOCLCA$dZCU$dPIT$dWAU$dOCLCO$dOCLCQ$dOCLCF$dCUS$dOCLCO$dYUS$dOCLCO$dHUL$dHLS$dCOD$dOCLCO$dUk$erda
=041  0\$ajpn$aeng
=042  \\$apcc
=043  \\$aa-ja---
=050  14$aAG35.2$b.C55
=050  14$aAG35.2$b.J37
=245  00$6880-01$aJapanKnowledge Lib =$bJapannarejji Lib.
=246  31$6880-02$aJapannarejji Lib
=246  3\$aJapan narejji Lib
=246  3\$aJapan Knowledge Lib
=247  10$aJapan knowledge :$bencyclopedias, dictionaries and databases$fSept. 7, 2004
=247  10$6880-03$aJapanKnowledge :$bchishiki tansaku saito = Japan knowledge : encyclopedias, dictionaries and databases$fOct. 5, 2006.
=264  \1$6880-04$aTōkyō :$bNetAdvance Inc.,$c2001-
=300  \\$a1 online resource
=310  \\$aUpdated (frequency unknown)
=336  \\$atext$btxt$2rdacontent
=337  \\$acomputer$bc$2rdamedia
=338  \\$aonline resource$bcr$2rdacarrier
=362  1\$aBegan in 2001.
=506  \\$aAccess limited to subscribers.
=516  \\$aSearchable database.
=520  \\$a"JapanKnowledge Lib is an online web archive that boasts the largest corpus of encyclopedia, dictionaries, reference compilations, and periodical resources (approximately 50 different sources) in Japan"--JapanKnowlege Web site.
=538  \\$aMode of access: World Wide Web.
=546  \\$aPrimarily in Japanese, with some English.
=588  \\$aDescription based on content viewed October 12, 2016; itle from home page.
=650  \0$aEncyclopedias and dictionaries, Japanese.
=650  \7$aEncyclopedias and dictionaries, Japanese.$2fast$0(OCoLC)fst00909586
=655  \7$aDatabases.$2fast$0(OCoLC)fst01411643
=710  2\$6880-05$aNetto Adobansusha.
=740  02$6880-06$aWeb-ban Bijutsu shinpō.
=773  0\$tJapanKnowledge
=787  08$6880-07$iContainer of (work):$tBijutsu shinpō (Tokyo, Japan : 1902)
=856  40$3JapanKnowledge$uhttp://japanknowledge.com/lib/search/basic/$yJapanKnowledge Lib
=880  00$6245-01/{dollar}1$aJapanKnowledge Lib =$bジャパンナレッジ Lib.
=880  31$6246-02/{dollar}1$aジャパンナレッジ Lib
=880  10$6247-03/{dollar}1$aJapanKnowledge :$b知識探索サイト = Japan knowledge : encyclopedias, dictionaries and databases$fOct. 5, 2006.
=880  \1$6264-04/{dollar}1$a東京 :$bNetAdvance Inc.,$c2001-
=880  2\$6710-05/{dollar}1$aネットアドバンス社.
=880  02$6740-06/{dollar}1$aWeb版美術新報.
=880  08$6787-07/{dollar}1$iContainer of (work):$t美術新報 (Tokyo, Japan : 1902)
=859  \\$aORR$bJapanKnowledge
=985  \\$aUpdated by MS generated file for WR2302-017
=CAT  \\$aW1704-1242$b00$c20170509$lBLL01$h0927
=CAT  \\$aBATCH-UPD$b00$c20170509$lBLL01$h0935
=CAT  \\$aW2003-0365$c20200305$lBLL01$h1101
=CAT  \\$aW2302-0174$c20230223$lBLL01$h2014
=FIN  \\$aY$d20170509
=SID  \\$aZ30$bOCLC
=SRC  \\$aJapanKnowledge_2017$bJK_OCLC20170203.mrc
=029  1\$aAU@$b000044482987
=LAS  \\$aW2302-0174$b00$c20230223$lBLL01$h2014

