=LDR  02154 am a22005894i 4500
=001  018338259
=003  Uk
=005  20170106043059.0
=006  m\\\\\o\\d\\\\\\\\
=007  cr\|||||||||||
=008  151113s2007\\\\ja\\\\\\o\\\\\000\0\jpn\d
=FMT  \\$a  BK
=020  \\$z4560509182
=020  \\$z9784560509180
=035  \\$a(OCoLC)929031366
=040  \\$aCNEAL$beng$cYUS$dOCLCO$dYUS$dOCLCO$dOCLCF$dUk$erda$epn
=041  1\$ajpn$hfre
=050  \4$aDX115$b.M37165 2007
=100  10$aMartinez, Nicole,$eauthor.
=240  10$aTsiganes.$lJapanese
=245  10$6880-01$aJipushī /$cNikoru Marutinesu cho ; Mizutani Takeshi, Sachi Ryōko yaku.
=264  \1$6880-02$aTōkyō :$bHakusuisha,$c2007.
=300  \\$a1 online resource.
=336  \\$atext$btxt$2rdacontent
=337  \\$acomputer$bc$2rdamedia
=338  \\$aonline resource$bcr$2rdacarrier
=490  1\$6880-03$aBunko kuseju ;$v918
=500  \\$aTranslation of: Les tsiganes
=588  \\$aDescription based on print version.
=650  \0$aRomanies.
=650  \7$aRomanies.$2fast$0(OCoLC)fst01100080
=700  1\$6880-04$aMizutani, Takeshi,$d1942-
=700  1\$6880-05$aSachi, Ryōko,$d1980-
=773  0\$tJapanKnowledge
=776  08$iPrint version:$tJipushī.
=830  \0$6880-06$aBunko kuseju$v918.
=856  40$3JapanKnowledge$uhttp://japanknowledge.com/lib/display/?lid=8021009180000$yJapanKnowledge Lib
=880  10$6245-01/{dollar}1$aジプシー /$cニコル・マルティネス著 ; 水谷驍, 左地亮子訳.
=880  \1$6264-02/{dollar}1$a東京 :$b白水社,$c2007.
=880  1\$6490-03/{dollar}1$a文庫クセジュ ;$v918
=880  1\$6700-04/{dollar}1$a水谷驍,$d1942-
=880  1\$6700-05/{dollar}1$a左地亮子,$d1980-
=880  \0$6830-06/{dollar}1$a文庫クセジュ ;$v918.
=859  \\$aORR$bJapanKnowledge
=CAT  \\$aW1704-1242$b00$c20170509$lBLL01$h0927
=CAT  \\$aBATCH-UPD$b00$c20170509$lBLL01$h0935
=CAT  \\$aBATCH-UPD$b00$c20170509$lBLL01$h0939
=CAT  \\$aW2003-0365$c20200305$lBLL01$h1101
=FIN  \\$aY$d20170509
=SID  \\$aZ30$bOCLC
=SRC  \\$aJapanKnowledge_2017$bJK_OCLC20170203.mrc
=LAS  \\$aW2003-0365$b00$c20200305$lBLL01$h1101

