=LDR  02033 am a22004934i 4500
=001  018338260
=003  Uk
=005  20170106043059.0
=006  m\\\\\o\\d\\\\\\\\
=007  cr\|||||||||||
=008  151113s2015\\\\ja\\\\\\od\\\\000\0\jpn\d
=FMT  \\$a  BK
=020  \\$z4426101336
=020  \\$z9784426101336
=035  \\$a(OCoLC)929030782
=040  \\$aYUS$beng$cYUS$dOCLCO$dYUS$dOCLCO$dOCLCF$dOCLCO$dUk$erda$epn
=245  00$6880-01$aGendai yōgo no kiso chishiki =$bThe encyclopedia of contemporary words.$n2015 /$cJiyū Kokuminsha henshū.
=264  31$aEncyclopedia of contemporary words
=264  \1$6880-02$aTōkyō :$bJiyū Kokuminsha,$c2015.
=300  \\$a1 online resource
=336  \\$atext$btxt$2rdacontent
=337  \\$acomputer$bc$2rdamedia
=338  \\$aonline resource$bcr$2rdacarrier
=588  \\$aDescription based on print version.
=650  \0$aJapanese language$xNew words$vDictionaries.
=650  \0$aJapanese language$xForeign words and phrases$vDictionaries.
=650  \7$aJapanese language$xForeign words and phrases.$2fast$0(OCoLC)fst00981623
=650  \7$aJapanese language$xNew words.$2fast$0(OCoLC)fst00981671
=655  \7$aDictionaries.$2fast$0(OCoLC)fst01423826
=710  2\$6880-03$aJiyū Kokuminsha.
=773  0\$tJapanKnowledge
=776  08$iPrint version:$tGendai yōgo no kiso chishiki
=856  40$3JapanKnowledge$uhttp://japanknowledge.com/lib/search/gendaiyougo/$yJapanKnowledge Lib
=880  00$6245-01/{dollar}1$a現代用語の基礎知識 =$bThe encyclopedia of contemporary words.$n2015 /$c自由国民社編集.
=880  \1$6264-02/{dollar}1$a東京 :$b自由国民社,$c2015.
=880  2\$6710-03/{dollar}1$a自由国民社.
=859  \\$aORR$bJapanKnowledge
=CAT  \\$aW1704-1242$b00$c20170509$lBLL01$h0927
=CAT  \\$aBATCH-UPD$b00$c20170509$lBLL01$h0935
=CAT  \\$aW2003-0365$c20200305$lBLL01$h1101
=FIN  \\$aY$d20170509
=SID  \\$aZ30$bOCLC
=SRC  \\$aJapanKnowledge_2017$bJK_OCLC20170203.mrc
=LAS  \\$aW2003-0365$b00$c20200305$lBLL01$h1101

