=LDR  02067 am a22005294i 4500
=001  018338261
=003  Uk
=005  20170106043100.0
=006  m\\\\\o\\d\\\\\\\\
=007  cr\|||||||||||
=008  151112s1962\\\\ja\af\\\ob\\\\000\0\jpn\d
=FMT  \\$a  BK
=020  \\$z4560053332
=020  \\$z9784560053331
=035  \\$a(OCoLC)928950501
=040  \\$aYUS$beng$cYUS$dOCLCO$dYUS$dOCLCO$dUk$erda$epn
=050  \4$aN6415.B3$bT316 1962
=100  1\$aTapié, Victor Lucien,$d1900-1974,$eauthor.
=240  10$aBaroque.$lJapanese
=245  10$6880-01$aBarokku geijutsu /$cVikutr̄u ryushian Tapie cho ; Takashina Shūji, Sakamoto Mitsuru kyōyaku.
=264  \1$6880-02$aTōkyō :$bHakusuisha,$c1962.
=300  \\$a1 online resource.
=336  \\$atext$btxt$2rdacontent
=337  \\$acomputer$bc$2rdamedia
=338  \\$aonline resource$bcr$2rdacarrier
=490  1\$6880-03$aBunko kuseju ;$v333
=500  \\$aTranslation of: Le Baroque: Paris: Presses universitaires de France, 1961, Que sais-je? No. 923.
=504  \\$aIncludes bibliographical references.
=588  \\$aDescription based on print version.
=650  \0$aArt, Baroque.
=650  \7$aArt, Baroque.$2fast$0(OCoLC)fst00815997
=773  0\$tJapanKnowledge
=776  08$iPrint version:$tBarokku geijutsu
=830  \0$6880-04$aBunko kuseju$v333.
=856  40$3JapanKnowledge$uhttp://japanknowledge.com/lib/display/?lid=8021003330000$yJapanKnowledge Lib
=880  10$6245-01$aバロック芸術 /$cヴィクトール・リュシアン・タピエ著 ; 高階秀爾, 坂本満共訳.
=880  \1$6264-02$a東京 :$b白水社,$c1962.
=880  1\$6490-03$a文庫クセジュ ;$v333
=880  \0$6830-04$a文庫クセジュ ;$v333.
=859  \\$aORR$bJapanKnowledge
=CAT  \\$aW1704-1242$b00$c20170509$lBLL01$h0927
=CAT  \\$aBATCH-UPD$b00$c20170509$lBLL01$h0935
=CAT  \\$aW2003-0365$c20200305$lBLL01$h1101
=FIN  \\$aY$d20170509
=SID  \\$aZ30$bOCLC
=SRC  \\$aJapanKnowledge_2017$bJK_OCLC20170203.mrc
=LAS  \\$aW2003-0365$b00$c20200305$lBLL01$h1101

