=LDR  03304 am a22007697a 4500
=001  018338262
=003  Uk
=005  20170106043100.0
=006  m\\\\\o\\d\\\\\\\\
=007  cr\|||||||||||
=008  100311s1991\\\\ja\\\\\\ob\\\\000\0\jpn\d
=FMT  \\$a  BK
=020  \\$z4582805388
=020  \\$z9784582805383
=035  \\$a(OCoLC)551698590
=040  \\$aOCLCE$beng$cOCLCE$dOCLCQ$dCUS$dOCLCQ$dOCLCA$dOCLCQ$dOCLCO$dOCLCF$dOCLCO$dYUS$dOCLCO$dYUS$dOCLCO$dOCL$dOCLCQ$dYUS$dOCLCO$dUk$epn
=042  \\$adlr
=043  \\$aa-ja---
=050  \4$aPL733.35$b.H37 1991
=100  1\$6880-01$aHatanaka, Kansai,$d-1801
=240  10$6880-02$aTaihei gafu
=245  10$6880-03$aTaihei gafu, hoka :$bEdo kyōshi no sekai /$cHino Tatsuo, Takahashi Keiichi hen.
=250  \\$6880-04$aShohan.
=260  \\$6880-05$aTōkyō :$bHeibonsha,$c1991.
=300  \\$a1 online resource (vii, 327, 17 pages).
=336  \\$atext$btxt$2rdacontent
=337  \\$acomputer$bc$2rdamedia
=338  \\$aonline resource$bcr$2rdacarrier
=490  1\$6880-06$aTōyō bunko ;$v538
=500  \\$aConsists of: Taihei gafu by Hatanaka Kansai, Taihei shinkyoku by Nakajima Sōin, Hanka Sanjin shi shō by Ueki Gyokugai.
=504  \\$aIncludes bibliographical references.
=505  8\$aTaihei gafu -- Taihei shinkyoku -- Hanka sanjin shishô.
=588  0\$aPrint version record.
=648  \7$a1600-1868$2fast
=650  \0$aHumorous poetry, Japanese$xHistory and criticism.
=650  \0$aJapanese poetry$yEdo period, 1600-1868$xHistory and criticism.
=650  \7$aHumorous poetry, Japanese.$2fast$0(OCoLC)fst00963788
=650  \7$aJapanese poetry$xEdo period.$2fast$0(OCoLC)fst01710989
=655  \7$aCriticism, interpretation, etc.$2fast$0(OCoLC)fst01411635
=700  1\$6880-07$aHino, Tatsuo.
=700  1\$6880-08$aTakahashi, Keiichi,$d1960-
=700  12$6880-09.$aNakajima, Sōin,$d1779?-1855$tTaihei shinkyoku.
=700  12$6880-10.$aUeki, Gyokugai,$d-1839$tHanka Sanjin shi shō.
=773  0\$tJapanKnowledge
=776  08$iPrint version:$aHatanaka, Kansai, -1801.$sTaihei gafu.$tTaihei gafu, hoka.$bShohan.$dTōkyō : Heibonsha, 1991
=830  \0$6880-11$aTōyō bunko$v538.
=856  40$3JapanKnowledge$uhttp://japanknowledge.com/lib/display/?lid=80010V0538P0002$yJapanKnowledge Lib
=880  1\$6100-01/{dollar}1$a畠中観斎,$d-1801.
=880  10$6240-02/{dollar}1$a太平樂府
=880  10$6245-03/{dollar}1$a太平樂府他 :$b江戶狂詩の世界 /$c日野龍夫, 高橋圭一編.
=880  \\$6250-04/{dollar}1$a初版.
=880  \\$6260-05/{dollar}1$a東京 :$b平凡社,$c1991.
=880  1\$6490-06/{dollar}1$a東洋文庫 ;$v538
=880  1\$6700-07/{dollar}1$a日野龍夫.
=880  1\$6700-08/{dollar}1$a高橋圭一,$d1960-
=880  12$6700-09/{dollar}1$a中島棕隱,$d1779?-1855.$t太平新曲.
=880  12$6700-10/{dollar}1$a植木玉厓,$d-1839.$t半可山人詩鈔.
=880  \0$6830-11/{dollar}1$a東洋文庫 ;$v538.
=859  \\$aORR$bJapanKnowledge
=CAT  \\$aW1704-1242$b00$c20170509$lBLL01$h0927
=CAT  \\$aBATCH-UPD$b00$c20170509$lBLL01$h0935
=CAT  \\$aBATCH-UPD$b00$c20170509$lBLL01$h0939
=CAT  \\$aW2003-0365$c20200305$lBLL01$h1101
=FIN  \\$aY$d20170509
=SID  \\$aZ30$bOCLC
=SRC  \\$aJapanKnowledge_2017$bJK_OCLC20170203.mrc
=LAS  \\$aW2003-0365$b00$c20200305$lBLL01$h1101

