=LDR  02057 am a22005534i 4500
=001  018338263
=003  Uk
=005  20170106043100.0
=006  m\\\\\o\\d\\\\\\\\
=007  cr\|||||||||||
=008  151113s2007\\\\ja\\\\\\o\\\\\000\0\jpn\d
=FMT  \\$a  BK
=020  \\$z4560509123
=020  \\$z9784560509128
=035  \\$a(OCoLC)929031299
=040  \\$aCNEAL$beng$cYUS$dOCLCO$dYUS$dOCLCO$dOCLCF$dOCLCO$dUk$erda$epn
=041  1\$ajpn$hfre
=050  \4$aRC438$b.H63165 2007
=100  1\$aHochmann, Jacques,$eauthor.
=245  10$6880-01$aSeishin igaku no rekishi /$cJakku Okkuman cho ; Abe Keiichirō yaku.
=264  \1$6880-02$aTōkyō :$bHakusuisha,$c2007.
=300  \\$a1 online resource.
=336  \\$atext$btxt$2rdacontent
=337  \\$acomputer$bc$2rdamedia
=338  \\$aonline resource$bcr$2rdacarrier
=490  1\$6880-03$aBunko kuseju ;$v912
=588  \\$aDescription based on print version.
=650  \0$aPsychiatry$xHistory.
=650  \7$aPsychiatry.$2fast$0(OCoLC)fst01081152
=655  \7$aHistory.$2fast$0(OCoLC)fst01411628
=700  1\$6880-04$aAbe, Keiichirō,$d1949-
=730  0\$aHistoire de la psychiatrie.
=773  0\$tJapanKnowledge
=776  08$iPrint version:$tSeishin igaku no rekishi.
=830  \0$6880-05$aBunko kuseju$v912.
=856  40$3JapanKnowledge$uhttp://japanknowledge.com/lib/display/?lid=8021009120000$yJapanKnowledge Lib
=880  10$6245-01/{dollar}1$a精神医学の歴史 /$cジャック・オックマン著 ; 阿部惠一郎訳.
=880  \1$6264-02/{dollar}1$a東京 :$b白水社,$c2007.
=880  1\$6490-03/{dollar}1$a文庫クセジュ ;$v912
=880  1\$6700-04/{dollar}1$a阿部惠一郎,$d1949-
=880  \0$6830-05/{dollar}1$a文庫クセジュ ;$v912.
=859  \\$aORR$bJapanKnowledge
=CAT  \\$aW1704-1242$b00$c20170509$lBLL01$h0927
=CAT  \\$aBATCH-UPD$b00$c20170509$lBLL01$h0935
=CAT  \\$aW2003-0365$c20200305$lBLL01$h1101
=FIN  \\$aY$d20170509
=SID  \\$aZ30$bOCLC
=SRC  \\$aJapanKnowledge_2017$bJK_OCLC20170203.mrc
=LAS  \\$aW2003-0365$b00$c20200305$lBLL01$h1101

