=LDR  02482 am a22005897a 4500
=001  018338264
=003  Uk
=005  20170106043101.0
=006  m\\\\\o\\d\\\\\\\\
=007  cr\|||||||||||
=008  101111m19691971ja\b\\\\o\\\\\000\0\jpn\d
=FMT  \\$a  BK
=019  \\$a646034084
=035  \\$a(OCoLC)680891179$z(OCoLC)646034084
=040  \\$aOCLCE$beng$cOCLCE$dOCLCQ$dCUS$dOCLCQ$dOCLCO$dYUS$dOCLCO$dYUS$dOCLCO$dOCLCQ$dYUS$dOCLCO$dUk$epn
=041  1\$ajpn$heng
=042  \\$adlr
=043  \\$aa-tu---$aar-----
=050  \4$aD568.4$b.L416
=100  1\$aLawrence, T. E.$q(Thomas Edward),$d1888-1935.
=240  10$aSeven pillars of wisdom.$lJapanese
=245  10$6880-01$aChie no nanahashira /$cT.E. Rorensu cho, Kashiwakura Shunzō yaku.
=260  \\$6880-02$aTōkyō :$bHeibonsha,$cShōwa 44-46 [1969-1971]
=300  \\$a1 online resource (3 volumes) :$bmaps.
=336  \\$atext$btxt$2rdacontent
=337  \\$acomputer$bc$2rdamedia
=338  \\$aonline resource$bcr$2rdacarrier
=490  1\$6880-03$aTōyō bunko
=588  0\$aPrint version record.
=650  \0$aArabs.
=650  \0$aBedouins.
=650  \0$aWahhābīyah.
=650  \0$aWorld War, 1914-1918$xCampaigns$zTurkey and the Near East.
=651  \0$aArabian Peninsula$xSocial life and customs.
=773  0\$tJapanKnowledge
=776  08$iPrint version:$aLawrence, T.E. (Thomas Edward), 1888-1935.$sSeven pillars of wisdom. Japanese.$tChie no nanahashira.$dTōkyō : Heibonsha, Shōwa 44-46 [1969-1971]
=830  \0$6880-04$aTōyō bunko
=856  40$3JapanKnowledge Volume 1$uhttp://japanknowledge.com/lib/display/?lid=80010V0152P0003$yJapanKnowledge Lib
=856  40$3JapanKnowledge Volume 2$uhttp://japanknowledge.com/lib/display/?lid=80010V0181P0002$yJapanKnowledge Lib
=856  40$3JapanKnowledge Volume 3$uhttp://japanknowledge.com/lib/display/?lid=80010V0200P0002$yJapanKnowledge Lib
=880  10$6245-01/{dollar}1$a知恵の七柱 /$cT.E. ロレンス著, 柏倉俊三訳.
=880  \\$6260-02/{dollar}1$a東京 :$b平凡社,$c昭和44-46 [1969-1971]
=880  1\$6490-03/{dollar}1$a東洋文庫
=880  \0$6830-04/{dollar}1$a東洋文庫.
=859  \\$aORR$bJapanKnowledge
=CAT  \\$aW1704-1242$b00$c20170509$lBLL01$h0927
=CAT  \\$aBATCH-UPD$b00$c20170509$lBLL01$h0935
=CAT  \\$aW2003-0365$c20200305$lBLL01$h1101
=FIN  \\$aY$d20170509
=SID  \\$aZ30$bOCLC
=SRC  \\$aJapanKnowledge_2017$bJK_OCLC20170203.mrc
=LAS  \\$aW2003-0365$b00$c20200305$lBLL01$h1101

