=LDR  02085 am a22005534i 4500
=001  018338265
=003  Uk
=005  20170106043101.0
=006  m\\\\\o\\d\\\\\\\\
=007  cr\|||||||||||
=008  151117s2004\\\\ja\\\\\\ob\\\\000\0\jpn\d
=FMT  \\$a  BK
=020  \\$z456050881X
=020  \\$z9784560508817
=035  \\$a(OCoLC)929688452
=040  \\$aWTU$beng$cYUS$dOCLCO$dYUS$dOCLCO$dOCLCF$dUk$erda$epn
=041  1\$ajpn$hfre
=100  1\$aTrocmé, Etienne,$d1924-$eauthor.
=240  10$aSaint Paul.$lJapanese
=245  10$6880-01$aSei Pauro /$cEtiennu Torokume cho ; Katō Takashi yaku.
=264  \1$6880-02$aTōkyō :$bHakusuisha,$c2004.
=300  \\$a1 online resource.
=336  \\$atext$btxt$2rdacontent
=337  \\$acomputer$bc$2rdamedia
=338  \\$aonline resource$bcr$2rdacarrier
=490  1\$6880-03$aBunko Kuseju ;$v881
=504  \\$aIncludes bibliographical references (pages i-ii).
=588  \\$aDescription based on print version.
=600  00$aPaul,$cthe Apostle, Saint.
=600  07$aPaul,$cthe Apostle, Saint$2fast$0(OCoLC)fst00037330
=700  1\$6880-04,$aKatō, Takashi,$d1957-$etranslator.
=700  1\$iTranslation of:$aTrocmé, Etienne,$d1924-$tSaint Paul.
=773  0\$tJapanKnowledge
=776  08$iPrint version:$tSei pauro
=830  \0$6880-05$aBunko kuseju$v881.
=856  40$3JapanKnowledge$uhttp://japanknowledge.com/lib/display/?lid=8021008810000$yJapanKnowledge Lib
=880  10$6245-01$a聖パウロ /$cエティエンヌ · トロクメ著 ; 加藤隆訳.
=880  \1$6264-02$a東京 :$b白水社,$c2004.
=880  1\$6490-03$a文庫クセジュ ;$v881
=880  1\$6700-04$a加藤隆,$d1957-$etranslator.
=880  \0$6830-05$a文庫クセジュ ;$v881.
=859  \\$aORR$bJapanKnowledge
=CAT  \\$aW1704-1242$b00$c20170509$lBLL01$h0927
=CAT  \\$aBATCH-UPD$b00$c20170509$lBLL01$h0935
=CAT  \\$aW2003-0365$c20200305$lBLL01$h1101
=FIN  \\$aY$d20170509
=SID  \\$aZ30$bOCLC
=SRC  \\$aJapanKnowledge_2017$bJK_OCLC20170203.mrc
=LAS  \\$aW2003-0365$b00$c20200305$lBLL01$h1101

