=LDR  02938 am a2200673 a 4500
=001  018338266
=003  Uk
=005  20170106043101.0
=006  m\\\\\o\\d\\\\\\\\
=007  cr\un|||||||||
=008  120403s2000\\\\ja\ab\\\ob\\\\001\0ajpn\d
=FMT  \\$a  BK
=020  \\$z4582806716$q(v. 1)
=020  \\$z9784582806717$q(v. 1)
=035  \\$a(OCoLC)783296342
=040  \\$aCUS$beng$cCUS$dOCLCQ$dOCLCF$dOCLCO$dYUS$dOCLCQ$dOCLCO$dYUS$dOCLCQ$dYUS$dOCLCO$dUk
=041  1\$ajpn$hguj
=043  \\$aa-ii---
=050  \4$aDS481.G3$bA3 2000
=100  1\$aGandhi,$cMahatma,$d1869-1948.
=240  10$aSatyanā prayogo athavā ātmakathā.$lJapanese
=245  10$6880-01$aGāndī jijoden :$bshinri e to chikazuku samazama na jikken /$cM.K. Gāndī cho ; Tanaka Toshio yakuchū.
=250  \\$6880-02$aShohan.
=260  \\$6880-03$aTōkyō :$bHeibonsha,$c2000.
=300  \\$a1 online resource (2 volumes) :$billustrations, maps.
=336  \\$atext$btxt$2rdacontent
=337  \\$acomputer$bc$2rdamedia
=338  \\$aonline resource$bcr$2rdacarrier
=490  1\$6880-04$aTōyō bunko ;$v671-672
=500  \\$aTranslation of: Satyanā prayogo athavā ātmakathā.
=504  \\$aIncludes bibliographical references and index.
=588  0\$aPrint version record.
=600  10$aGandhi,$cMahatma,$d1869-1948.
=600  17$aGandhi,$cMahatma,$d1869-1948$2fast$0(OCoLC)fst00033822
=650  \0$aStatesmen$zIndia$vBiography.
=650  \7$aStatesmen.$2fast$0(OCoLC)fst01131990
=651  \7$aIndia.$2fast$0(OCoLC)fst01210276
=655  \7$aBiography.$2fast$0(OCoLC)fst01423686
=700  1\$6880-05$aTanaka, Toshio,$d1937-
=773  0\$tJapanKnowledge
=776  08$iPrint version:$aGandhi, Mahatma, 1869-1948.$sSatyanā prayogo athavā ātmakathā. Japanese.$tGāndī jijoden.$bShohan.$dTōkyō : Heibonsha, 2000$z4582806716
=830  \0$6880-06$aTōyō bunko$v671-672.
=856  40$3JapanKnowledge Volume 2$uhttp://japanknowledge.com/lib/display/?lid=80010V0672P0002$yJapanKnowledge Lib
=856  40$3JapanKnowledge Volume 1$uhttp://japanknowledge.com/lib/display/?lid=80010V0671P0002$yJapanKnowledge Lib
=880  10$6245-01/{dollar}1$aガーンディー自叙伝 :$b真理へと近づくさまざまな実験 /$cM.K. ガ一ンディー著 ; 田中敏雄訳注.
=880  \\$6250-02/{dollar}1$a初版.
=880  \\$6260-03/{dollar}1$a東京 :$b平凡社,$c2000.
=880  1\$6490-04/{dollar}1$a東洋文庫 ;$v671-672
=880  1\$6700-05/{dollar}1$a田中敏雄,$d1937-
=880  \0$6830-06/{dollar}1$a東洋文庫 ;$v671-672.
=859  \\$aORR$bJapanKnowledge
=CAT  \\$aW1704-1242$b00$c20170509$lBLL01$h0927
=CAT  \\$aBATCH-UPD$b00$c20170509$lBLL01$h0935
=CAT  \\$aBATCH-UPD$b00$c20170509$lBLL01$h0939
=CAT  \\$aW2003-0365$c20200305$lBLL01$h1101
=FIN  \\$aY$d20170509
=SID  \\$aZ30$bOCLC
=SRC  \\$aJapanKnowledge_2017$bJK_OCLC20170203.mrc
=LAS  \\$aW2003-0365$b00$c20200305$lBLL01$h1101

