=LDR  02348 am a22006137a 4500
=001  018338267
=003  Uk
=005  20170106043101.0
=006  m\\\\\o\\d\\\\\\\\
=007  cr\un|||||||||
=008  090202s1993\\\\ja\\\\\\o\\\\\000\0\jpn\d
=FMT  \\$a  BK
=019  \\$a756272578
=020  \\$z458280571X
=020  \\$z9784582805710
=035  \\$a(OCoLC)301260506$z(OCoLC)756272578
=040  \\$aOCLCE$beng$cOCLCE$dOCLCQ$dCUS$dOCLCQ$dOCLCO$dOCLCF$dOCLCQ$dYUS$dOCLCO$dYUS$dOCLCO$dOCL$dOCLCQ$dYUS$dOCLCO$dUk$epn
=042  \\$adlr
=043  \\$aa-cc---
=050  \4$aDS754.13$b.N35 1993
=100  1\$6880-01$aNaitō, Torajirō,$d1866-1934
=245  10$6880-02$aShinchō shi tsūron /$cNaitō Konan.
=250  \\$6880-03$aShohan.
=260  \\$6880-04$aTōkyō :$bHeibonsha,$c1993.
=300  \\$a1 online resource (401 pages).
=336  \\$atext$btxt$2rdacontent
=337  \\$acomputer$bc$2rdamedia
=338  \\$aonline resource$bcr$2rdacarrier
=490  1\$6880-05$aTōyō bunko ;$v571
=588  0\$aPrint version record.
=648  \7$a1644-1912$2fast
=650  \7$aQing Dynasty (China)$2fast$0(OCoLC)fst01696773
=651  \0$aChina$xHistory$yQing dynasty, 1644-1912.
=651  \7$aChina.$2fast$0(OCoLC)fst01206073
=655  \7$aHistory.$2fast$0(OCoLC)fst01411628
=773  0\$tJapanKnowledge
=776  08$iPrint version:$aNaitō, Torajirō, 1866-1934.$tShinchō shi tsūron.$dTōkyō : Heibonsha, 1993$z458280571X$z9784582805710
=830  \0$6880-06$aTōyō bunko$v571.
=856  40$3JapanKnowledge$uhttp://japanknowledge.com/lib/display/?lid=80010V0571P0002$yJapanKnowledge Lib
=880  1\$6100-01/{dollar}1$a內藤虎次郎,$d1866-1934.
=880  10$6245-02/{dollar}1$a清朝史通論 /$c內藤湖南.
=880  \\$6250-03/{dollar}1$a初版.
=880  \\$6260-04/{dollar}1$a東京 :$b平凡社,$c1993.
=880  1\$6490-05/{dollar}1$a東洋文庫 ;$v571
=880  12$6700-00/{dollar}1$a内藤虎次郎,$d1866-1934.$t清朝衰亡論.
=880  \0$6830-06/{dollar}1$a東洋文庫 ;$v571.
=859  \\$aORR$bJapanKnowledge
=CAT  \\$aW1704-1242$b00$c20170509$lBLL01$h0927
=CAT  \\$aBATCH-UPD$b00$c20170509$lBLL01$h0935
=CAT  \\$aW2003-0365$c20200305$lBLL01$h1101
=FIN  \\$aY$d20170509
=SID  \\$aZ30$bOCLC
=SRC  \\$aJapanKnowledge_2017$bJK_OCLC20170203.mrc
=LAS  \\$aW2003-0365$b00$c20200305$lBLL01$h1101

