=LDR  02437 am a22006014i 4500
=001  018338268
=003  Uk
=005  20170106043102.0
=006  m\\\\\o\\d\\\\\\\\
=007  cr\|||||||||||
=008  151113s1965\\\\ja\\\\\\ob\\\\000\0\jpn\d
=FMT  \\$a  BK
=020  \\$z4560053820
=020  \\$z9784560053829
=035  \\$a(OCoLC)929028974
=040  \\$aSTF$beng$cYUS$dOCLCO$dYUS$dOCLCO$dOCLCF$dUk$erda$epn
=041  1\$ajpn$hfre
=050  \4$aG535$b.D45163 1965
=100  10$aDeschamps, Hubert Jules,$d1900-$eauthor.
=240  10$aPirates et flibustiers.$lJapanese
=245  10$6880-01$aKaizoku /$cYubēru Deshan cho ; Tanabe Teinosuke yaku.
=264  \1$6880-02$aTōkyō :$bHakusuisha,$c1965.
=300  \\$a1 online resource (152, 1 pages).
=336  \\$atext$btxt$2rdacontent
=337  \\$acomputer$bc$2rdamedia
=338  \\$aonline resource$bcr$2rdacarrier
=490  1\$6880-03$aBunko kuseju ;$v382
=504  \\$aIncludes bibliographical references.
=588  \\$aDescription based on print version record.
=650  \0$aPirates.
=650  \0$aBuccaneers.
=650  \7$aBuccaneers.$2fast$0(OCoLC)fst00839967
=650  \7$aPirates.$2fast$0(OCoLC)fst01064776
=700  1\$6880-04,$aTanabe, Teinosuke,$d1905-$etranslator.
=773  0\$tJapanKnowledge
=776  08$6880-05$iPrint version:$aDeschamps, Hubert Jules, 1900-$sPirates et flibustiers. Japanese.$tKaizoku.$dTōkyō : Hakusuisha, 1965
=830  \0$6880-06$aBunko kuseju$v382.
=856  40$3JapanKnowledge$uhttp://japanknowledge.com/lib/display/?lid=8021003820000$yJapanKnowledge Lib
=880  10$6245-01$a海賊 /$cユベール・デシャン著 ; 田辺貞之助訳.
=880  \1$6264-02$a東京 :$b白水社,$c1965.
=880  1\$6490-03$a文庫クセジュ ;$v382
=880  1\$6700-04$a田辺貞之助,$d1905-$etranslator.
=880  08$6776-05$iPrint version:$aDeschamps, Hubert Jules, 1900-$sPirates et flibustiers. Japanese.$t海賊.$d東京 : 白水社, 1965$w(OCoLC)33649244
=880  \0$6830-06$a文庫クセジュ ;$v382.
=859  \\$aORR$bJapanKnowledge
=CAT  \\$aW1704-1242$b00$c20170509$lBLL01$h0927
=CAT  \\$aBATCH-UPD$b00$c20170509$lBLL01$h0935
=CAT  \\$aBATCH-UPD$b00$c20170509$lBLL01$h0939
=CAT  \\$aW2003-0365$c20200305$lBLL01$h1101
=FIN  \\$aY$d20170509
=SID  \\$aZ30$bOCLC
=SRC  \\$aJapanKnowledge_2017$bJK_OCLC20170203.mrc
=LAS  \\$aW2003-0365$b00$c20200305$lBLL01$h1101

