=LDR  01998 am a22005294i 4500
=001  018338269
=003  Uk
=005  20170106043102.0
=006  m\\\\\o\\d\\\\\\\\
=007  cr\|||||||||||
=008  151214s1991\\\\ja\\\\\\o\\\\\000\0\jpn\d
=FMT  \\$a  BK
=020  \\$z4560057168
=020  \\$z9784560057162
=035  \\$a(OCoLC)932129355
=040  \\$aCNEAL$beng$cYUS$dOCLCO$dUk$erda$epn
=041  1\$ajpn$hfre
=050  \4$aPQ276$b.D53165 1991
=100  1\$aDidier, Béatrice,$eauthor.
=240  10$aLittérature de la Révolution française.$lJapanese
=245  10$6880-01$aFuransu kakumei no bungaku /$cBeatorisu Didie cho ; Konishi Yoshiyuki yaku.
=264  \1$6880-02$aTōkyō :$bHakusuisha,$c1991.
=300  \\$a1 online resource.
=336  \\$atext$btxt$2rdacontent
=337  \\$acomputer$bc$2rdamedia
=338  \\$aonline resource$bcr$2rdacarrier
=490  1\$6880-03$aBunko kuseju ;$v716
=500  \\$aTranslation of: La littérature de la Révolution française.
=588  \\$aDescription based on print version.
=700  1\$6880-04$aKonishi, Yoshiyuki.
=773  0\$tJapanKnowledge
=776  08$iPrint version:$tFuransu kakumei no bungaku.
=830  \0$6880-05$aBunko kuseju$v716.
=856  40$3JapanKnowledge$uhttp://japanknowledge.com/lib/display/?lid=8021007160000$yJapanKnowledge Lib
=880  10$6245-01/{dollar}1$aフランス革命の文学 /$cベアトリス・ディディエ著 ; 小西嘉幸訳.
=880  \1$6264-02/{dollar}1$a東京 :$b白水社,$c1991.
=880  1\$6490-03/{dollar}1$a文庫クセジュ ;$v716
=880  1\$6700-04/{dollar}1$a小西嘉幸.
=880  \0$6830-05/{dollar}1$a文庫クセジュ ;$v716.
=859  \\$aORR$bJapanKnowledge
=CAT  \\$aW1704-1242$b00$c20170509$lBLL01$h0927
=CAT  \\$aBATCH-UPD$b00$c20170509$lBLL01$h0935
=CAT  \\$aW2003-0365$c20200305$lBLL01$h1101
=FIN  \\$aY$d20170509
=SID  \\$aZ30$bOCLC
=SRC  \\$aJapanKnowledge_2017$bJK_OCLC20170203.mrc
=LAS  \\$aW2003-0365$b00$c20200305$lBLL01$h1101

