=LDR  02365 am a22006254i 4500
=001  018338270
=003  Uk
=005  20170106043102.0
=006  m\\\\\o\\d\\\\\\\\
=007  cr\|||||||||||
=008  151112s2003\\\\ja\\\\\\ob\\\\000\0\jpn\d
=FMT  \\$a  BK
=020  \\$z456005861X
=020  \\$z9784560058619
=035  \\$a(OCoLC)928950309
=040  \\$aYUS$beng$cYUS$dOCLCO$dYUS$dOCLCO$dUk$erda$epn
=041  1\$ajpn$hfre
=043  \\$an-us---
=050  \4$aHM1271$b.S43143 2003
=100  1\$aSemprini, Andréa,$eauthor.
=240  10$aLe multiculturalisme.$lJapanese
=245  10$6880-01$aTabunka shugi to wa nani ka /$cAndorea Senpurīni cho ; Miura Nobutaka, Hasegawa Hideki cho.
=264  \1$6880-02$aTōkyō :$bHakusuisha,$c2003.
=300  \\$a1 online resource.
=336  \\$atext$btxt$2rdacontent
=337  \\$acomputer$bc$2rdamedia
=338  \\$aonline resource$bcr$2rdacarrier
=490  1\$6880-03$aBunko kuseju ;$v861
=504  \\$aIncludes bibliographical references.
=588  \\$aDescription based on print version.
=650  \0$aMulticulturalism$zUnited States.
=650  \0$aMulticulturalism.
=650  \7$aMulticulturalism.$2fast$0(OCoLC)fst01028836
=651  \7$aUnited States.$2fast$0(OCoLC)fst01204155
=700  1\$6880-07$aMiura, Nobutaka,$d1945-
=700  1\$6880-08$aHasegawa, Hideki,$d1970-
=773  0\$tJapanKnowledge
=776  08$iPrint version:$tTabunka shugi to wa nani ka
=830  \0$6880-09$aBunko kuseju$v861.
=856  40$3JapanKnowledge$uhttp://japanknowledge.com/lib/display/?lid=8021008610000$yJapanKnowledge Lib
=880  10$6245-01$a多文化主義とは何か /$cアンドレア・センプリーニ著 ; 三浦信孝, 長谷川秀樹訳.
=880  \1$6264-02$a東京 :$b白水社,$c2003.
=880  1\$6490-03$a文庫クセジュ ;$v861
=880  1\$6700-07$a三浦信孝,$d1945-
=880  1\$6700-08$a長谷川秀樹,$d1970-
=880  \0$6830-09$a文庫クセジュ ;$v861.
=859  \\$aORR$bJapanKnowledge
=CAT  \\$aW1704-1242$b00$c20170509$lBLL01$h0927
=CAT  \\$aBATCH-UPD$b00$c20170509$lBLL01$h0935
=CAT  \\$aBATCH-UPD$b00$c20170509$lBLL01$h0939
=CAT  \\$aW2003-0365$c20200305$lBLL01$h1101
=FIN  \\$aY$d20170509
=SID  \\$aZ30$bOCLC
=SRC  \\$aJapanKnowledge_2017$bJK_OCLC20170203.mrc
=LAS  \\$aW2003-0365$b00$c20200305$lBLL01$h1101

