=LDR  02668 am a22006497a 4500
=001  018338271
=003  Uk
=005  20170106043103.0
=006  m\\\\\o\\d\\\\\\\\
=007  cr\|||||||||||
=008  100626s1978\\\\ja\a\\\\o\\\\\000\0\jpn\d
=FMT  \\$a  BK
=019  \\$a297752861
=035  \\$a(OCoLC)643726172$z(OCoLC)297752861
=040  \\$aOCLCE$beng$cOCLCE$dCUS$dOCLCQ$dOCLCF$dOCLCA$dYUS$dOCLCO$dYUS$dOCLCO$dOCLCQ$dYUS$dOCLCO$dUk$epn
=042  \\$adlr
=043  \\$aa-ja---
=050  \4$aGV1459.35.J3$bH38 1978
=100  1\$6880-01$aHayashi, Genbi,$d1778-1861
=245  10$6880-02$aRankadō kiwa :$bmukashi no gouchi no monogatari /$cHayashi Genbi ; Hayashi Yutaka kōchū.
=250  \\$6880-03$aShohan.
=260  \\$6880-04$aTōkyō :$bHeibonsha,$c1978.
=300  \\$a1 online resource (2 volumes) :$billustrations.
=336  \\$atext$btxt$2rdacontent
=337  \\$acomputer$bc$2rdamedia
=338  \\$aonline resource$bcr$2rdacarrier
=490  1\$6880-05$aTōyō bunko ;$v332, 334
=588  0\$aPrint version record.
=650  \0$aGo (Game)$vCollections of games.
=650  \0$aGo (Game)$zJapan$xHistory$vAnecdotes.
=650  \7$aGo (Game)$2fast$0(OCoLC)fst00943915
=651  \7$aJapan.$2fast$0(OCoLC)fst01204082
=655  \7$aAnecdotes.$2fast$0(OCoLC)fst01423876
=655  \7$aCollections.$2fast$0(OCoLC)fst01424032
=655  \7$aHistory.$2fast$0(OCoLC)fst01411628
=700  1\$6880-06$aHayashi, Yutaka,$d1922-1986
=773  0\$tJapanKnowledge
=776  08$iPrint version:$aHayashi, Genbi, 1778-1861.$tRankadō kiwa.$dTōkyō : Heibonsha, 1978
=830  \0$6880-07$aTōyō bunko$v332, 334.
=856  40$3JapanKnowledge Volume 1$uhttp://japanknowledge.com/lib/display/?lid=80010V0332P0002$yJapanKnowledge Lib
=856  40$3JapanKnowledge Volume 2$uhttp://japanknowledge.com/lib/display/?lid=80010V0334P0002$yJapanKnowledge Lib
=880  1\$6100-01/{dollar}1$a林元美,$d1778-1861.
=880  10$6245-02/{dollar}1$a爛柯堂棋話 :$b昔の碁打ちの物語 /$c林元美 ; 林裕校注.
=880  \\$6250-03/{dollar}1$a初版.
=880  \\$6260-04/{dollar}1$a東京 :$b平凡社,$c1978.
=880  1\$6490-05/{dollar}1$a東洋文庫 ;$v332, 334
=880  1\$6700-06/{dollar}1$a林裕,$d1922-
=880  \0$6830-07/{dollar}1$a東洋文庫 ;$v332, 334.
=859  \\$aORR$bJapanKnowledge
=CAT  \\$aW1704-1242$b00$c20170509$lBLL01$h0927
=CAT  \\$aBATCH-UPD$b00$c20170509$lBLL01$h0935
=CAT  \\$aBATCH-UPD$b00$c20170509$lBLL01$h0939
=CAT  \\$aW2003-0365$c20200305$lBLL01$h1101
=FIN  \\$aY$d20170509
=SID  \\$aZ30$bOCLC
=SRC  \\$aJapanKnowledge_2017$bJK_OCLC20170203.mrc
=LAS  \\$aW2003-0365$b00$c20200305$lBLL01$h1101

