=LDR  02472 am a22005654i 4500
=001  018338272
=003  Uk
=005  20170106043103.0
=006  m\\\\\o\\d\\\\\\\\
=007  cr\|||||||||||
=008  151113s1963\\\\ja\\\\\\o\\\\\000\0\jpn\d
=FMT  \\$a  BK
=035  \\$a(OCoLC)929028906
=040  \\$aSTF$beng$cYUS$dOCLCO$dYUS$dOCLCO$dOCLCF$dUk$erda$epn
=041  1\$ajpn$hfre
=050  \4$aCB245$b.D42163 1963
=100  1\$aDelmas, Claude,$eauthor.
=240  10$aHistoire de la civilisation européenne.$lJapanese
=245  00$6880-01$aYōroppa bunmeishi /$cKurōdo Derumasu cho ; Shimizu Ikutarō yaku.
=264  \1$6880-02$aTōkyō :$bHakusuisha,$c1963.
=300  \\$a1 online resource (128 pages).
=336  \\$atext$btxt$2rdacontent
=337  \\$acomputer$bc$2rdamedia
=338  \\$aonline resource$bcr$2rdacarrier
=490  1\$6880-03$aBunko kuseju ;$v351
=500  \\$aTranslation of: Histoire de la civilisation européenne.
=588  \\$aDescription based on print version record.
=650  \7$aCivilization.$2fast$0(OCoLC)fst00862898
=651  \0$aEurope$xCivilization.
=651  \7$aEurope.$2fast$0(OCoLC)fst01245064
=700  1\$6880-04,$aShimizu, Ikutarō,$d1907-1988$etranslator.
=773  0\$tJapanKnowledge
=776  08$6880-05$iPrint version of:$aDelmas, Claude.$sHistoire de la civilisation européenne. Japanese.$tYōroppa bunmeishi.$dTōkyō : Hakusuisha, 1963
=830  \0$6880-06$aBunko kuseju$v351.
=856  40$3JapanKnowledge$uhttp://japanknowledge.com/lib/display/?lid=8021003510000$yJapanKnowledge Lib
=880  00$6245-01$aヨーロッパ文明史 /$cクロード・デルマス著 ; 清水幾太郎訳.
=880  \1$6264-02$a東京 :$b白水社,$c1963.
=880  1\$6490-03$a文庫クセジュ ;$v351
=880  1\$6700-04$a清水幾太郎,$d1907-1988,$etranslator.
=880  08$6776-05$iPrint version of:$aDelmas, Claude.$sHistoire de la civilisation européenne. Japanese.$tヨーロッパ文明史.$d東京 : 白水社, 1963$w(OCoLC)33648454
=880  \0$6830-06$a文庫クセジュ ;$v351.
=859  \\$aORR$bJapanKnowledge
=CAT  \\$aW1704-1242$b00$c20170509$lBLL01$h0927
=CAT  \\$aBATCH-UPD$b00$c20170509$lBLL01$h0935
=CAT  \\$aBATCH-UPD$b00$c20170509$lBLL01$h0939
=CAT  \\$aW2003-0365$c20200305$lBLL01$h1101
=FIN  \\$aY$d20170509
=SID  \\$aZ30$bOCLC
=SRC  \\$aJapanKnowledge_2017$bJK_OCLC20170203.mrc
=LAS  \\$aW2003-0365$b00$c20200305$lBLL01$h1101

