=LDR  03565 am a22007577a 4500
=001  018338273
=003  Uk
=005  20170106043104.0
=006  m\\\\\o\\d\\\\\\\\
=007  cr\un|||||||||
=008  090202s1964\\\\ja\ac\\\o\\\\\000\0\jpn\d
=FMT  \\$a  BK
=019  \\$a643805620$a682840758
=035  \\$a(OCoLC)301177185$z(OCoLC)643805620$z(OCoLC)682840758
=040  \\$aOCLCE$beng$cOCLCE$dOCLCQ$dHUA$dCUS$dOCLCQ$dOCLCO$dOCLCQ$dOCLCF$dYUS$dOCLCO$dYUS$dOCLCO$dOCLCQ$dOCL$dYUS$dOCLCO$dUk$epn
=041  1\$ajpn$hdut
=042  \\$adlr
=043  \\$aa-ja---
=050  \4$aAC145$b.T6V.26
=050  \4$aDS881.5.K3$bA36
=100  1\$aHuyssen van Kattendijke, W. J. C.$q(Willem Johan Cornelis),$cridder,$d1816-1866.
=240  10$aUittreksel uit het dagboek van W.J.C.ridder H.v. Kattendyke gedurende zijn verblijf in Japan in 1857, 1858 en 1859.$lJapanese
=245  10$6880-01$aNagasaki Kaigun Denshūjo no hibi /$cKattendīke [cho] ; Mizuta Nobutoshi yaku.
=260  \\$6880-02$aTōkyō :$bHeibonsha,$cShōwa 39 [1964]
=300  \\$a1 online resource (3, 235 pages) :$billustrations, portrait.
=336  \\$atext$btxt$2rdacontent
=337  \\$acomputer$bc$2rdamedia
=338  \\$aonline resource$bcr$2rdacarrier
=490  1\$6880-03$aTōyō bunko ;$v26
=588  0\$aPrint version record.
=600  10$aHuyssen van Kattendijke, W. J. C.$q(Willem Johan Cornelis),$cridder,$d1816-1866.
=600  17$aHuyssen van Kattendijke, W. J. C.$q(Willem Johan Cornelis),$cridder,$d1816-1866$2fast$0(OCoLC)fst01598219
=610  20$6880-04$aNagasaki Kaigun Denshūjo.
=610  27$aNagasaki Kaigun Denshūjo$2fast$0(OCoLC)fst01501421
=648  \7$a1800-1899$2fast
=650  \0$aNaval education$zJapan.
=650  \7$aNaval education.$2fast$0(OCoLC)fst01034991
=651  \0$aJapan$xHistory$y19th century.
=651  \7$aJapan.$2fast$0(OCoLC)fst01204082
=653  \\$6880-05$aNihon$aGaikokukankei$aRekishi$aEdomakki.
=653  \\$6880-06$aNagasakikaigundenshūjo.
=655  \7$aHistory.$2fast$0(OCoLC)fst01411628
=700  1\$6880-07$aMizuta, Nobutoshi,$d1890-
=710  2\$6880-08$aNagasaki Kaigun Denshūjo.
=773  0\$tJapanKnowledge
=776  08$iPrint version:$aHuyssen van Kattendyke, Willem Johan Cornelis, ridder, 1816-1866.$sUittreksel uit het dagboek van W.J.C.ridder H.v. Kattendyke gedurende zijn verblijf in Japan in 1857, 1858 en 1859. Japanese.$tNagasaki kaigun denshūjo no hibi.$dTōkyō : Heibonsha, Shōwa 39 [1964]
=830  \0$6880-09$aTōyō bunko$v26.
=856  40$3JapanKnowledge$uhttp://japanknowledge.com/lib/display/?lid=80010V0026P0003$yJapanKnowledge Lib
=880  10$6245-01/{dollar}1$a長崎海軍伝習所の日々 /$cカッテンディーケ[著] ; 水田信利訳.
=880  \\$6260-02/{dollar}1$a東京 :$b平凡社,$c昭和39 [1964]
=880  1\$6490-03/{dollar}1$a東洋文庫 ;$v26
=880  24$6610-04/{dollar}1$a長崎海軍伝習所.
=880  \\$6653-05/{dollar}1$a日本$a外国関係$a歴史$a江戶末期.
=880  \\$6653-06/{dollar}1$a長崎海軍伝習所.
=880  1\$6700-07/{dollar}1$a水田信利,$d1890-
=880  2\$6710-08/{dollar}1$a長崎海軍伝習所.
=880  \0$6830-09/{dollar}1$a東洋文庫 ;$v26.
=859  \\$aORR$bJapanKnowledge
=CAT  \\$aW1704-1242$b00$c20170509$lBLL01$h0927
=CAT  \\$aBATCH-UPD$b00$c20170509$lBLL01$h0935
=CAT  \\$aBATCH-UPD$b00$c20170509$lBLL01$h0939
=CAT  \\$aW2003-0365$c20200305$lBLL01$h1101
=FIN  \\$aY$d20170509
=SID  \\$aZ30$bOCLC
=SRC  \\$aJapanKnowledge_2017$bJK_OCLC20170203.mrc
=LAS  \\$aW2003-0365$b00$c20200305$lBLL01$h1101

