=LDR  02371 am a22006134i 4500
=001  018338274
=003  Uk
=005  20170106043104.0
=006  m\\\\\o\\d\\\\\\\\
=007  cr\|||||||||||
=008  151113s2001\\\\ja\\\\\\o\\\\\000\0\jpn\d
=FMT  \\$a  BK
=020  \\$z4560058458
=020  \\$z9784560058459
=035  \\$a(OCoLC)929031275
=040  \\$aCNEAL$beng$cYUS$dOCLCO$dYUS$dOCLCO$dOCLCF$dUk$erda$epn
=041  1\$ajpn$hfre
=050  \4$aHE3005$b.C56165 2001
=100  1\$aCinotti, Eric,$eauthor.
=240  10$aTGV europěns.$lJapanese
=245  10$6880-01$aYoroppa no chōtokkyū /$cErikku Shinotti, Jan-Batisuto Toreburu cho ; Yuguchi Kiyotaka yaku.
=264  \1$6880-02$aTōkyō :$bHakusuisha,$c2001
=300  \\$a1 online resource.
=336  \\$atext$btxt$2rdacontent
=337  \\$acomputer$bc$2rdamedia
=338  \\$aonline resource$bcr$2rdacarrier
=490  1\$6880-03$aBunko kuseju ;$v845
=500  \\$aTranslation of: Les TGV europěns.
=588  \\$aDescription based on print version.
=650  \0$aHigh speed trains$zEurope.
=650  \0$aTGV (Express train)
=650  \7$aHigh speed trains.$2fast$0(OCoLC)fst01432046
=650  \7$aTGV (Express train)$2fast$0(OCoLC)fst01742049
=651  \7$aEurope.$2fast$0(OCoLC)fst01245064
=700  1\$6880-04$aYuguchi, Kiyotaka,$d1972-
=700  1\$aTréboul, Jean-Baptiste.
=773  0\$tJapanKnowledge
=776  08$iPrint version:$tYoroppa no chōtokkyū
=830  \0$6880-05$aBunko kuseju$v845.
=856  40$3JapanKnowledge$uhttp://japanknowledge.com/lib/display/?lid=8021008450000$yJapanKnowledge Lib
=880  10$6245-01/{dollar}1$aヨーロッパの超特急 /$cエリック・シノッティ, ジャン-バティスト・トレブル著 ; 湧口清隆訳.
=880  \1$6264-02/{dollar}1$a東京 :$b白水社,$c2001.
=880  1\$6490-03/{dollar}1$a文庫クセジュ ;$v845
=880  1\$6700-04/{dollar}1$a湧口, 清隆,$d1972-
=880  \0$6830-05/{dollar}1$a文庫クセジュ ;$v845.
=859  \\$aORR$bJapanKnowledge
=CAT  \\$aW1704-1242$b00$c20170509$lBLL01$h0927
=CAT  \\$aBATCH-UPD$b00$c20170509$lBLL01$h0935
=CAT  \\$aBATCH-UPD$b00$c20170509$lBLL01$h0939
=CAT  \\$aW2003-0365$c20200305$lBLL01$h1101
=FIN  \\$aY$d20170509
=SID  \\$aZ30$bOCLC
=SRC  \\$aJapanKnowledge_2017$bJK_OCLC20170203.mrc
=LAS  \\$aW2003-0365$b00$c20200305$lBLL01$h1101

