=LDR  01994 am a22005294i 4500
=001  018338275
=003  Uk
=005  20170106043104.0
=006  m\\\\\o\\d\\\\\\\\
=007  cr\|||||||||||
=008  151113s2002\\\\ja\\\\\\o\\\\\001\0\jpn\d
=FMT  \\$a  BK
=020  \\$z4560058555
=020  \\$z9784560058558
=035  \\$a(OCoLC)929031229
=040  \\$aCNEAL$beng$cYUS$dOCLCO$dYUS$dOCLCO$dUk$erda$epn
=041  1\$ajpn$hfre
=050  \4$aPQ101$b.B186165 2002
=100  1\$aBalibar, Renée,$eauthor.
=240  10$aHistoire de la litťrature fraṅaise.$lJapanese
=245  10$6880-01$aFuransu bungaku no rekishi /$cRune Baribāru cho ; Yano Masatoshi yaku.
=264  \1$6880-02$aTōkyō :$bHakusuisha,$c2002.
=300  \\$a1 online resource.
=336  \\$atext$btxt$2rdacontent
=337  \\$acomputer$bc$2rdamedia
=338  \\$aonline resource$bcr$2rdacarrier
=490  1\$6880-03$aBunko kuseju ;$v855
=500  \\$aTranslation of: Histoire de la litťrature fraṅaise.
=588  \\$aDescription based on print version.
=700  1\$6880-04$aYano, Masatoshi,$d1947-
=773  0\$tJapanKnowledge
=776  08$iPrint version:$tFuransu bungaku no rekishi
=830  \0$6880-05$aBunko kuseju$v855.
=856  40$3JapanKnowledge$uhttp://japanknowledge.com/lib/display/?lid=8021008550000$yJapanKnowledge Lib
=880  10$6245-01/{dollar}1$aフランス文学の歴史 /$cルネ・バリバール著 ; 矢野正俊訳.
=880  \1$6264-02/{dollar}1$a東京 :$b白水社,$c2002.
=880  1\$6490-03/{dollar}1$a文庫クセジュ ;$v855
=880  1\$6700-04/{dollar}1$a矢野, 正俊,$d1947-
=880  \0$6830-05/{dollar}1$a文庫クセジュ ;$v855.
=859  \\$aORR$bJapanKnowledge
=CAT  \\$aW1704-1242$b00$c20170509$lBLL01$h0927
=CAT  \\$aBATCH-UPD$b00$c20170509$lBLL01$h0935
=CAT  \\$aW2003-0365$c20200305$lBLL01$h1101
=FIN  \\$aY$d20170509
=SID  \\$aZ30$bOCLC
=SRC  \\$aJapanKnowledge_2017$bJK_OCLC20170203.mrc
=LAS  \\$aW2003-0365$b00$c20200305$lBLL01$h1101

