=LDR  02218 am a22005774i 4500
=001  018338276
=003  Uk
=005  20170106043104.0
=006  m\\\\\o\\d\\\\\\\\
=007  cr\|||||||||||
=008  151112s2004\\\\ja\a\\\\ob\\\\000\0\jpn\d
=FMT  \\$a  BK
=020  \\$z4560058806
=020  \\$z9784560058800
=035  \\$a(OCoLC)928950310
=040  \\$aYUS$beng$cYUS$dOCLCO$dYUS$dOCLCO$dUk$erda$epn
=041  1\$ajpn$hfre
=050  \4$aRC489.A7$bK497163 2004
=100  1\$aKlein, Jean-Pierre,$d1939-$eauthor.
=240  10$aL'art-thérapie.$lJapanese
=245  10$6880-01$aGeijutsu ryohō nyūmon /$cJan=Piēru Kurain cho ; Abe Keiichiro, Takaesu Yoshihide yaku.
=264  \1$6880-02$aTōkyō :$bHakusuisha,$c2004.11.
=300  \\$a1 online resource.
=336  \\$atext$btxt$2rdacontent
=337  \\$acomputer$bc$2rdamedia
=338  \\$aonline resource$bcr$2rdacarrier
=490  1\$6880-03$aBunko kuseju ;$v880
=504  \\$aIncludes bibliographical references (pages i-ii).
=588  \\$aDescription based on print version.
=650  \0$aArt therapy.
=650  \7$aArt therapy.$2fast$0(OCoLC)fst00815831
=700  1\$6880-06$aAbe, Keiichirō,$etranslator.
=700  1\$6880-07$aTakaesu, Yoshihide,$etranslator.
=773  0\$tJapanKnowledge
=776  08$iPrint version:$tGeijutsu ryohō nyūmon
=830  \0$6880-08$aBunko kuseju$v880.
=856  40$3JapanKnowledge$uhttp://japanknowledge.com/lib/display/?lid=8021008800000$yJapanKnowledge Lib
=880  10$6245-01$a芸術療法入門 /$cジャン=ピエール・クライン著 ; 阿部惠一郎, 高江洲義英訳.
=880  \1$6264-02$a東京 :$b白水社,$c2004.11.
=880  1\$6490-03$a文庫クセジュ ;$v880
=880  1\$6700-06$a阿部惠一郎,$etranslator.
=880  1\$6700-07$a高江洲義英,$etranslator.
=880  \0$6830-08$a文庫クセジュ ;$v880.
=859  \\$aORR$bJapanKnowledge
=CAT  \\$aW1704-1242$b00$c20170509$lBLL01$h0927
=CAT  \\$aBATCH-UPD$b00$c20170509$lBLL01$h0935
=CAT  \\$aW2003-0365$c20200305$lBLL01$h1101
=FIN  \\$aY$d20170509
=SID  \\$aZ30$bOCLC
=SRC  \\$aJapanKnowledge_2017$bJK_OCLC20170203.mrc
=LAS  \\$aW2003-0365$b00$c20200305$lBLL01$h1101

