=LDR  02533 am a22006497a 4500
=001  018338277
=003  Uk
=005  20170106043105.0
=006  m\\\\\o\\d\\\\\\\\
=007  cr\|||||||||||
=008  111025s1997\\\\ja\a\\\\ob\\\\001\0\jpn\d
=FMT  \\$a  BK
=019  \\$a928950379
=020  \\$z4096580511
=020  \\$z9784096580516
=035  \\$a(OCoLC)758498964$z(OCoLC)928950379
=040  \\$aOCLCE$beng$cOCLCE$dOCLCQ$dOCLCO$dOCLCQ$dOCLCF$dYUS$dOCLCO$dOCLCQ$dYUS$dOCLCO$dUk$epn
=050  \4$aPL790$b.J5 1997
=082  04$a895.608
=084  \\$a918$2njb/9
=245  00$6880-01$aJikkinshō /$ckōchū, yaku Asami Kazuhiko.
=250  \\$6880-02$aDai 1-han.
=260  \\$6880-03$aTōkyō :$bShōgakkan,$c1997.
=300  \\$a1 online resource (557 pages) :$billustrations (some color).
=336  \\$atext$btxt$2rdacontent
=337  \\$acomputer$bc$2rdamedia
=338  \\$aonline resource$bcr$2rdacarrier
=490  1\$6880-04$aShinpen Nihon koten bungaku zenshū ;$v51
=504  \\$aIncludes bibliographical references and index.
=588  0\$aPrint version record.
=650  \0$aDidactic literature, Japanese.
=650  \7$aLittérature japonaise$y1185-1600.$2ram
=650  \7$aLittérature didactique.$2ram
=650  \7$aDidactic literature, Japanese.$2fast$0(OCoLC)fst00892964
=700  1\$6880-05$aAsami, Kazuhiko,$d1947-
=773  0\$tJapanKnowledge
=776  08$iPrint version:$tJikkinshō.$bDai 1-han.$dTōkyō : Shōgakkan, 1997
=830  \0$6880-06$aShinpen Nihon koten bungaku zenshū$v51.
=856  40$3JapanKnowledge$uhttp://japanknowledge.com/lib/display/?lid=80110V00510015$yJapanKnowledge Lib
=880  00$6245-01/{dollar}1$a十訓抄 /$c校注・訳浅見和彦.
=880  \\$6250-02/{dollar}1$a第1版.
=880  \\$6260-03/{dollar}1$a東京 :$b小学館,$c1997.
=880  \1$6264-00/{dollar}1$a東京 :$b小学館,$c1997.
=880  1\$6490-04/{dollar}1$a新編日本古典文学全集 ;$v51
=880  \\$6500-00/{dollar}1$a文献:p510.
=880  1\$6700-05/{dollar}1$a浅見和彦,$d1947-
=880  \0$6830-06/{dollar}1$a新編日本古典文学全集 ;$v51.
=859  \\$aORR$bJapanKnowledge
=CAT  \\$aW1704-1242$b00$c20170509$lBLL01$h0927
=CAT  \\$aBATCH-UPD$b00$c20170509$lBLL01$h0935
=CAT  \\$aBATCH-UPD$b00$c20170509$lBLL01$h0939
=CAT  \\$aW2003-0365$c20200305$lBLL01$h1101
=CAT  \\$aBATCH-UPD$b00$c20200918$lBLL01$h2045
=FIN  \\$aY$d20170509
=SID  \\$aZ30$bOCLC
=SRC  \\$aJapanKnowledge_2017$bJK_OCLC20170203.mrc
=LAS  \\$aBATCH-UPD$b00$c20200918$lBLL01$h2045

