=LDR  02579 am a22006497a 4500
=001  018338278
=003  Uk
=005  20170106043105.0
=006  m\\\\\o\\d\\\\\\\\
=007  cr\|||||||||||
=008  110426s1969\\\\ja\c\\\\o\\\\\000\0\jpn\d
=FMT  \\$a  BK
=035  \\$a(OCoLC)714992139
=040  \\$aOCLCE$beng$cOCLCE$dCUS$dOCLCQ$dOCLCF$dOCLCQ$dYUS$dOCLCO$dYUS$dOCLCO$dOCL$dOCLCQ$dYUS$dOCLCO$dUk$epn
=042  \\$adlr
=043  \\$aa-ja---
=050  \4$aDS859$b.H33 1969
=100  1\$6880-01$aHara, Katsurō,$d1871-1924
=245  10$6880-02$aNihon chūseishi /$cHara Katsurō.
=246  3\$aNihon chūsei shi
=250  \\$6880-03$aShohan.
=260  \\$6880-04$aTōkyō :$bHeibonsha,$cShōwa 44 [1969]
=300  \\$a1 online resource (8, 336 pages) :$bportrait.
=336  \\$atext$btxt$2rdacontent
=337  \\$acomputer$bc$2rdamedia
=338  \\$aonline resource$bcr$2rdacarrier
=490  1\$6880-05$aTōyō bunko ;$v146
=505  0\$6880-06$aNihon chūseishi -- Nihon chūseishi zokuhen -- Nihon chūseishi ronkō.
=588  0\$aPrint version record.
=648  \7$a1185-1600$2fast
=650  \7$aCivilization.$2fast$0(OCoLC)fst00862898
=651  \0$aJapan$xCivilization$xHistory.
=651  \0$aJapan$xHistory$y1185-1600.
=651  \7$aJapan.$2fast$0(OCoLC)fst01204082
=655  \7$aHistory.$2fast$0(OCoLC)fst01411628
=740  0\$6880-07$aNihon chūseishi no kenkyū.
=773  0\$tJapanKnowledge
=776  08$iPrint version:$aHara, Katsurō, 1871-1924.$tNihon chūseishi.$bShohan.$dTōkyō : Heibonsha, Shōwa 44 [1969]
=830  \0$6880-08$aTōyō bunko$v146.
=856  40$3JapanKnowledge$uhttp://japanknowledge.com/lib/display/?lid=80010V0146P0002$yJapanKnowledge Lib
=880  1\$6100-01/{dollar}1$a原勝郎,$d1871-1924.
=880  10$6245-02/{dollar}1$a日本中世史 /$c原勝郎.
=880  \\$6250-03/{dollar}1$a初版.
=880  \\$6260-04/{dollar}1$a東京 :$b平凡社,$c昭和 44 [1969]
=880  1\$6490-05/{dollar}1$a東洋文庫 ;$v146
=880  0\$6505-06/{dollar}1$a日本中世史 -- 日本中世史続編 -- 日本中世史論考.
=880  0\$6740-07/{dollar}1$a日本中世史の研究.
=880  \0$6830-08/{dollar}1$a東洋文庫 ;$v146.
=859  \\$aORR$bJapanKnowledge
=CAT  \\$aW1704-1242$b00$c20170509$lBLL01$h0927
=CAT  \\$aBATCH-UPD$b00$c20170509$lBLL01$h0935
=CAT  \\$aBATCH-UPD$b00$c20170509$lBLL01$h0939
=CAT  \\$aW2003-0365$c20200305$lBLL01$h1101
=FIN  \\$aY$d20170509
=SID  \\$aZ30$bOCLC
=SRC  \\$aJapanKnowledge_2017$bJK_OCLC20170203.mrc
=LAS  \\$aW2003-0365$b00$c20200305$lBLL01$h1101

