=LDR  02168 am a22005774i 4500
=001  018338279
=003  Uk
=005  20170106043106.0
=006  m\\\\\o\\d\\\\\\\\
=007  cr\|||||||||||
=008  151113s2006\\\\ja\\\\\\o\\\\\000\0\jpn\d
=FMT  \\$a  BK
=020  \\$z4560509069
=020  \\$z9784560509067
=035  \\$a(OCoLC)929030773
=040  \\$aYUS$beng$cYUS$dYUS$dOCLCO$dOCLCF$dUk$erda$epn
=041  1\$ajpn$hfre
=043  \\$ae-fr---
=245  00$6880-01$aFuransu no onsen rizōto /$cFirippu Ranjunyū Viyāru cho ; Narusawa Hiroyuki yaku.
=264  \1$6880-02$aTōkyō :$bHakusuisha,$c2006.
=300  \\$a1 online resource.
=336  \\$atext$btxt$2rdacontent
=337  \\$acomputer$bc$2rdamedia
=338  \\$aonline resource$bcr$2rdacarrier
=490  1\$6880-03$aBunko kuseju ;$v906
=588  \\$aDescription based on print version.
=650  \0$aResorts$zFrance.
=650  \0$aHot springs$zFrance.
=650  \7$aHot springs.$2fast$0(OCoLC)fst00961689
=650  \7$aResorts.$2fast$0(OCoLC)fst01095631
=651  \7$aFrance.$2fast$0(OCoLC)fst01204289
=700  1\$6880-04$aNarusawa, Hiroyuki,$d1957-
=700  1\$aLangenieux-Villard, Philippe.
=730  0\$aStations thermales en France.
=773  0\$tJapanKnowledge
=776  08$iPrint version:$tFuransu no onsen rizōto.
=830  \0$6880-05$aBunko kuseju$v906.
=856  40$3JapanKnowledge$uhttp://japanknowledge.com/lib/display/?lid=8021009060000$yJapanKnowledge Lib
=880  00$6245-01/{dollar}1$aフランスの温泉リゾート /$cフィリップ・ランジュニュー=ヴィヤール著 ; 成沢広幸訳.
=880  \1$6264-02/{dollar}1$a東京 :$b白水社,$c2006.
=880  1\$6490-03/{dollar}1$a文庫クセジュ ;$v906
=880  1\$6700-04/{dollar}1$a成沢広幸,$d1957-
=880  \0$6830-05/{dollar}1$a文庫クセジュ ;$v906.
=859  \\$aORR$bJapanKnowledge
=CAT  \\$aW1704-1242$b00$c20170509$lBLL01$h0927
=CAT  \\$aBATCH-UPD$b00$c20170509$lBLL01$h0935
=CAT  \\$aW2003-0365$c20200305$lBLL01$h1101
=FIN  \\$aY$d20170509
=SID  \\$aZ30$bOCLC
=SRC  \\$aJapanKnowledge_2017$bJK_OCLC20170203.mrc
=LAS  \\$aW2003-0365$b00$c20200305$lBLL01$h1101

