=LDR  03398 am a22007697a 4500
=001  018338280
=003  Uk
=005  20170106043107.0
=006  m\\\\\o\\d\\\\\\\\
=007  cr\|||||||||||
=008  110925m19962000ja\ab\\\o\\\\\000\1\jpn\d
=FMT  \\$a  BK
=019  \\$a928950289
=020  \\$z409658066X$q(v. 1)
=020  \\$z9784096580660$q(v. 1)
=020  \\$z4096580678$q(v. 2)
=020  \\$z9784096580677$q(v. 2)
=020  \\$z4096580686$q(v. 3)
=020  \\$z9784096580684$q(v. 3)
=020  \\$z4096580694$q(v. 4)
=020  \\$z9784096580691$q(v. 4)
=035  \\$a(OCoLC)754599558$z(OCoLC)928950289
=040  \\$aOCLCE$beng$cOCLCE$dOCLCQ$dOCLCO$dOCLCQ$dOCLCF$dYUS$dOCLCO$dOCL$dOCLCQ$dYUS$dOCLCO$dUk$epn
=050  \4$aPL794$b.A6 1996
=100  1\$6880-01$aIhara, Saikaku,$d1642-1693
=240  10$aWorks.$kSelections.$f1996
=245  10$6880-02$aIhara Saikaku shū /$ckōchū, yaku Teruoka Yasutaka, Higashi Akimasa.
=250  \\$6880-03$aDai 1-han.
=260  \\$6880-04$aTōkyō :$bShōgakkan,$c1996-2000.
=300  \\$a1 online resource (4 volumes) :$billustrations, map.
=336  \\$atext$btxt$2rdacontent
=337  \\$acomputer$bc$2rdamedia
=338  \\$aonline resource$bcr$2rdacarrier
=490  1\$6880-05$aShinpen Nihon koten bungaku zenshū ;$v66-69
=505  0\$a1. Kōshoku ichidaiotoko ; Kōshoku gonin onna ; Kōshoku ichidaionna -- 2. Saikaku shokokubanashi ; Honchō nijū fukō ; Nanshoku ōkagami -- 3. Nihon eitaigura ; Yorozu no fumihōzu ; Seken munazanyō ; Saikaku.
=505  0\$aokimiyage -- 4. Budō denraiki, Buke giri monogatari, Shin kashōki.
=588  0\$aPrint version record.
=648  \7$a1600-1868$2fast
=650  \0$aJapanese fiction$yEdo period, 1600-1868.
=650  \7$aJapanese fiction$xEdo period.$2fast$0(OCoLC)fst01710981
=700  1\$6880-06$aTeruoka, Yasutaka,$d1908-2001
=700  1\$6880-07$aHigashi, Akimasa,$d1915-
=773  0\$tJapanKnowledge
=776  08$iPrint version:$aIhara, Saikaku, 1642-1693.$sWorks. Selections. 1996.$tIhara Saikaku shū.$bDai 1-han.$dTōkyō : Shōgakkan, 1996-2000
=830  \0$6880-08$aShinpen Nihon koten bungaku zenshū$v66-69.
=856  40$3JapanKnowledge$uhttp://japanknowledge.com/lib/display/?lid=80110V00660001$yJapanKnowledge Lib
=880  1\$6100-01/{dollar}1$a井原西鶴,$d1642-1693.
=880  10$6245-02/{dollar}1$a井原西鶴集 /$c校注・訳暉峻康隆, 東明雅.
=880  \\$6250-03/{dollar}1$a第1版.
=880  \\$6260-04/{dollar}1$a東京 :$b小学館,$c1996-2000.
=880  \1$6264-00/{dollar}1$a東京 :$b小学館,$c1996-2000.
=880  1\$6490-00/{dollar}1$a新編日本古典文学全集 ;$v66-<69>
=880  1\$6490-05/{dollar}1$a新編日本古典文学全集 ;$v66-69
=880  1\$6700-06/{dollar}1$a暉峻康隆,$d1908-
=880  1\$6700-07/{dollar}1$a東明雅,$d1915-
=880  \0$6830-00/{dollar}1$a新編日本古典文学全集 ;$v66, etc.
=880  \0$6830-08/{dollar}1$a新編日本古典文学全集 ;$v66-69.
=859  \\$aORR$bJapanKnowledge
=CAT  \\$aW1704-1242$b00$c20170509$lBLL01$h0927
=CAT  \\$aBATCH-UPD$b00$c20170509$lBLL01$h0935
=CAT  \\$aBATCH-UPD$b00$c20170509$lBLL01$h0939
=CAT  \\$aW2003-0365$c20200305$lBLL01$h1101
=CAT  \\$aBATCH-UPD$b00$c20200918$lBLL01$h2045
=FIN  \\$aY$d20170509
=SID  \\$aZ30$bOCLC
=SRC  \\$aJapanKnowledge_2017$bJK_OCLC20170203.mrc
=LAS  \\$aBATCH-UPD$b00$c20200918$lBLL01$h2045

