=LDR  03053 am a22007457a 4500
=001  018338281
=003  Uk
=005  20170106043108.0
=006  m\\\\\o\\d\\\\\\\\
=007  cr\un|||||||||
=008  090202s1999\\\\ja\a\\\\ob\\\\001\0bjpn\d
=FMT  \\$a  BK
=019  \\$a755992881
=020  \\$z4582806503
=020  \\$z9784582806502
=035  \\$a(OCoLC)301356332$z(OCoLC)755992881
=040  \\$aOCLCE$beng$cOCLCE$dOCLCQ$dOCLCO$dOCLCA$dOCLCQ$dCUS$dOCLCQ$dOCLCF$dYUS$dOCLCO$dYUS$dOCLCO$dOCLCA$dOCL$dOCLCQ$dYUS$dOCLCO$dUk$epn
=041  0\$ajpn$hchi
=042  \\$adlr
=043  \\$aa-cc---
=050  \4$aPL2735.A5$bZ942 1999
=100  1\$aWaley, Arthur.
=240  10$aYuan Mei.$lJapanese
=245  10$6880-01$aEnbai :$b18-seiki Chūgoku no shijin /$cĀsā Wyeirī ; Kajima Shōzō, Kotajima Yōsuke yaku.
=250  \\$6880-02$aShohan.
=260  \\$6880-03$aTōkyō :$bHeibonsha,$c1999.
=300  \\$a1 online resource (381 pages) :$billustrations.
=336  \\$atext$btxt$2rdacontent
=337  \\$acomputer$bc$2rdamedia
=338  \\$aonline resource$bcr$2rdacarrier
=490  1\$6880-04$aTōyō bunko ;$v650
=504  \\$aIncludes bibliographical references (pages 307-349) and indexes.
=588  0\$aPrint version record.
=600  10$6880-05$aYuan, Mei,$d1716-1798$vBiography.
=600  14$6880-06$aEn, Bai,$d1716-1798.
=600  17$aYuan, Mei,$d1716-1798$2fast$0(OCoLC)fst00073816
=648  \7$a1644-1912$2fast
=650  \0$aPoets, Chinese$yQing dynasty, 1644-1912$vBiography.
=650  \7$aPoets, Chinese.$2fast$0(OCoLC)fst01067851
=650  \7$aQing Dynasty (China)$2fast$0(OCoLC)fst01696773
=655  \7$aBiography.$2fast$0(OCoLC)fst01423686
=700  1\$6880-07$aKajima, Shōzō,$d1923-2015
=700  1\$6880-08$aKotajima, Yōsuke,$d1957-
=773  0\$tJapanKnowledge
=776  08$iPrint version:$aWaley, Arthur.$sYuan Mei. Japanese.$tEnbai.$bShohan.$dTōkyō : Heibonsha, 1999$z4582806503$z9784582806502
=830  \0$6880-09$aTōyō bunko$v650.
=856  40$3JapanKnowledge$uhttp://japanknowledge.com/lib/display/?lid=80010V0650P0002$yJapanKnowledge Lib
=880  10$6245-01/{dollar}1$a袁枚 :$b十八世紀中国の詩人 /$cア一サ一・ウェイリ一 ; 加島祥造, 古田島洋介訳.
=880  \\$6250-02/{dollar}1$a初版.
=880  \\$6260-03/{dollar}1$a東京 :$b平凡社,$c1999.
=880  1\$6490-04/{dollar}1$a東洋文庫 ;$v650
=880  14$6600-05/{dollar}1$a袁枚,$d1716-1798$vBiography.
=880  14$6600-06/{dollar}1$a袁, 枚,$d(1716-1798)
=880  1\$6700-07/{dollar}1$a加島祥造,$d1923-
=880  1\$6700-08/{dollar}1$a古田島洋介,$d1957-
=880  \0$6830-09/{dollar}1$a東洋文庫 ;$v650.
=859  \\$aORR$bJapanKnowledge
=CAT  \\$aW1704-1242$b00$c20170509$lBLL01$h0927
=CAT  \\$aBATCH-UPD$b00$c20170509$lBLL01$h0935
=CAT  \\$aBATCH-UPD$b00$c20170509$lBLL01$h0939
=CAT  \\$aW2003-0365$c20200305$lBLL01$h1101
=FIN  \\$aY$d20170509
=SID  \\$aZ30$bOCLC
=SRC  \\$aJapanKnowledge_2017$bJK_OCLC20170203.mrc
=LAS  \\$aW2003-0365$b00$c20200305$lBLL01$h1101

