=LDR  02524 am a22006257i 4500
=001  018338282
=003  Uk
=005  20170106043108.0
=006  m\\\\\o\\d\\\\\\\\
=007  cr\|||||||||||
=008  100315s1979\\\\ja\af\\\ob\\\\000\0\jpn\d
=FMT  \\$a  BK
=019  \\$a300985206
=035  \\$a(OCoLC)555745926$z(OCoLC)300985206
=040  \\$aOCLCE$beng$cOCLCE$dOCLCQ$dCUS$dOCLCQ$dOCLCA$dOCLCQ$dOCLCO$dOCLCF$dYUS$dOCLCO$dYUS$dOCLCO$dOCLCQ$dYUS$dOCLCO$dUk$epn
=041  1\$ajpn$heng
=042  \\$adlr
=050  \4$aDS882.5$b.M6316 <Orien Japan>
=084  \\$a210.627$2njb/9
=100  1\$aMounsey, Augustus Henry,$d1834-1882.
=240  10$aSatsuma rebellion.$lJapanese
=245  10$6880-01$aSatsuma hanranki /$cMaunjī [Augustus Henry Mounsey] ; Yasuoka Akio hochū.
=250  \\$6880-02$aShohan.
=260  \\$6880-03$aTōkyō :$bHeibonsha,$c1979.
=300  \\$a1 online resource (xiii, 278 pages, [1] leaf of plates) :$billustrations.
=336  \\$atext$btxt$2rdacontent
=337  \\$acomputer$bc$2rdamedia
=338  \\$aonline resource$bcr$2rdacarrier
=490  1\$6880-04$aTōyō bunko ;$v350
=504  \\$aIncludes bibliographical references (pages 259-261).
=588  0\$aPrint version record.
=611  27$aSatsuma Rebellion (1877)$2fast$0(OCoLC)fst01105840
=648  \7$a1877$2fast
=650  \0$aSatsuma Rebellion, 1877.
=650  07$6880-05$aSeinan no eki.$2jlabsh/4
=700  1\$6880-06$aYasuoka, Akio,$d1927-
=773  0\$tJapanKnowledge
=776  08$iPrint version:$aMounsey, Augustus Henry, -1882.$sSatsuma rebellion. Japanese.$tSatsuma hanranki.$dTōkyō : Heibonsha, 1979
=830  \0$6880-07$aTōyō bunko$v350.
=856  40$3JapanKnowledge$uhttp://japanknowledge.com/lib/display/?lid=80010V0350P0003$yJapanKnowledge Lib
=880  10$6245-01/{dollar}1$a薩摩反乱記 /$cマウンジー [Augustus Henry Mounsey] ; 安岡昭男補注.
=880  \\$6250-02/{dollar}1$a初版.
=880  \\$6260-03/{dollar}1$a東京 :$b平凡社,$c1979.
=880  1\$6490-04/{dollar}1$a東洋文庫 ;$v350
=880  07$6650-05/{dollar}1$a西南の役(1877)$2jlabsh/4
=880  1\$6700-06/{dollar}1$a安岡昭男,$d1927-
=880  \0$6830-07/{dollar}1$a東洋文庫 ;$v350.
=859  \\$aORR$bJapanKnowledge
=CAT  \\$aW1704-1242$b00$c20170509$lBLL01$h0927
=CAT  \\$aBATCH-UPD$b00$c20170509$lBLL01$h0935
=CAT  \\$aW2003-0365$c20200305$lBLL01$h1101
=FIN  \\$aY$d20170509
=SID  \\$aZ30$bOCLC
=SRC  \\$aJapanKnowledge_2017$bJK_OCLC20170203.mrc
=LAS  \\$aW2003-0365$b00$c20200305$lBLL01$h1101

