=LDR  02772 am a22007097a 4500
=001  018338283
=003  Uk
=005  20170106043108.0
=006  m\\\\\o\\d\\\\\\\\
=007  cr\|||||||||||
=008  100630s1970\\\\ja\\\\\\o\\\\\000\0\jpn\d
=FMT  \\$a  BK
=019  \\$a298837893
=020  \\$z4582801617
=020  \\$z9784582801613
=035  \\$a(OCoLC)645454464$z(OCoLC)298837893
=040  \\$aOCLCE$beng$cOCLCE$dOCLCQ$dOCLCO$dOCLCQ$dCUS$dOCLCO$dOCLCA$dOCLCF$dOCL$dYUS$dOCLCO$dYUS$dOCLCO$dOCL$dOCLCQ$dYUS$dOCLCO$dUk$epn
=042  \\$adlr
=043  \\$aa-ja---$aa-cc---$aa-kr---
=050  \4$aDS849.C5$bY6
=100  1\$6880-01$aYoshino, Sakuzō,$d1878-1933
=245  10$6880-02$aChūgoku Chōsen ron /$cYoshino Sakuzō ; Matsuo Takayoshi hen.
=260  \\$6880-03$aTōkyō :$bHeibonsha,$c1970.
=300  \\$a1 online resource (7, 380 pages).
=336  \\$atext$btxt$2rdacontent
=337  \\$acomputer$bc$2rdamedia
=338  \\$aonline resource$bcr$2rdacarrier
=490  1\$6880-04$aTōyō bunko ;$v161
=588  0\$aPrint version record.
=648  \7$a1912-1945$2fast
=650  \7$aInternational relations.$2fast$0(OCoLC)fst00977053
=650  \7$aPolitics and government$2fast$0(OCoLC)fst01919741
=651  \0$aChina$xRelations$zJapan.
=651  \0$aJapan$xPolitics and government$y1912-1945.
=651  \0$aJapan$xRelations$zChina.
=651  \0$aJapan$xRelations$zKorea.
=651  \0$aKorea$xRelations$zJapan.
=651  \7$aChina.$2fast$0(OCoLC)fst01206073
=651  \7$aJapan.$2fast$0(OCoLC)fst01204082
=651  \7$aKorea.$2fast$0(OCoLC)fst01206434
=700  1\$6880-05$aMatsuo, Takayoshi,$d1929-2014
=773  0\$tJapanKnowledge
=776  08$iPrint version:$aYoshino, Sakuzō, 1878-1933.$tChūgoku Chōsen ron.$dTōkyō : Heibonsha, 1970
=830  \0$6880-06$aTōyō bunko$v161.
=856  40$3JapanKnowledge$uhttp://japanknowledge.com/lib/display/?lid=80010V0161P0002$yJapanKnowledge Lib
=880  1\$6100-01/{dollar}1$a吉野作造,$d1878-1933.
=880  10$6245-02/{dollar}1$a中国・朝鮮論 /$c吉野作造 ; 松尾尊[yoshi]編.
=880  \\$6260-03/{dollar}1$a東京 :$b平凡社,$c1970.
=880  \\$6250-00/{dollar}1$a初版.
=880  0\$6490-00/{dollar}1$a東洋文庫 ;$v161
=880  1\$6490-04/{dollar}1$a東洋文庫 ;$v161
=880  1\$6700-05/{dollar}1$a松尾尊yoshi,$d1929-
=880  \0$6830-06/{dollar}1$a東洋文庫 ;$v161.
=859  \\$aORR$bJapanKnowledge
=CAT  \\$aW1704-1242$b00$c20170509$lBLL01$h0927
=CAT  \\$aBATCH-UPD$b00$c20170509$lBLL01$h0935
=CAT  \\$aBATCH-UPD$b00$c20170509$lBLL01$h0939
=CAT  \\$aW2003-0365$c20200305$lBLL01$h1101
=FIN  \\$aY$d20170509
=SID  \\$aZ30$bOCLC
=SRC  \\$aJapanKnowledge_2017$bJK_OCLC20170203.mrc
=LAS  \\$aW2003-0365$b00$c20200305$lBLL01$h1101

