=LDR  02333 am a22006257a 4500
=001  018338284
=003  Uk
=005  20170106043109.0
=006  m\\\\\o\\d\\\\\\\\
=007  cr\un|||||||||
=008  120329s1996\\\\ja\\\\\\ob\\\\000\0\jpn\d
=FMT  \\$a  BK
=020  \\$z4582806074
=020  \\$z9784582806076
=035  \\$a(OCoLC)781971550
=040  \\$aCUS$beng$cCUS$dOCLCQ$dOCLCF$dOCLCQ$dYUS$dOCLCO$dYUS$dOCLCO$dOCL$dOCLCQ$dYUS$dOCLCO$dUk
=043  \\$aa-ja---
=050  14$aDS865.4 .G45 1996
=245  00$6880-01$aGen'ishū /$cKaji Hiroe kōchū.
=250  \\$6880-02$aShohan.
=260  \\$6880-03$aTōkyō :$bHeibonsha,$c1996.
=300  \\$a1 online resource (355 pages).
=336  \\$atext$btxt$2rdacontent
=337  \\$acomputer$bc$2rdamedia
=338  \\$aonline resource$bcr$2rdacarrier
=490  1\$6880-04$aTōyō bunko ;$v607
=500  \\$aAuthorship ascribed to Satake Moroyoshi by H. Kaji.--p.12.
=504  \\$aIncludes bibliographical references.
=588  0\$aPrint version record.
=648  \7$a1336-1392$2fast
=651  \0$aJapan$xHistory$yPeriod of northern and southern courts, 1336-1392.
=651  \7$aJapan.$2fast$0(OCoLC)fst01204082
=655  \7$aHistory.$2fast$0(OCoLC)fst01411628
=700  1\$6880-05$aSatake, Moroyoshi.
=700  1\$6880-06$aKaji, Hiroe,$d1932-
=773  0\$tJapanKnowledge
=776  08$iPrint version:$tGen'ishū.$bShohan.$dTōkyō : Heibonsha, 1996$z4582806074
=830  \0$6880-07$aTōyō bunko$v607.
=856  40$3JapanKnowledge$uhttp://japanknowledge.com/lib/display/?lid=80010V0607P0002$yJapanKnowledge Lib
=880  00$6245-01/{dollar}1$a源威集 /$c加地宏江校注.
=880  \\$6250-02/{dollar}1$a初版.
=880  \\$6260-03/{dollar}1$a東京 :$b平凡社,$c1996.
=880  1\$6490-04/{dollar}1$a東洋文庫 ;$v607
=880  1\$6700-05/{dollar}1$a佐竹師義.
=880  1\$6700-06/{dollar}1$a加地宏江,$d1932-
=880  \0$6830-07/{dollar}1$a東洋文庫 ;$v607.
=859  \\$aORR$bJapanKnowledge
=CAT  \\$aW1704-1242$b00$c20170509$lBLL01$h0927
=CAT  \\$aBATCH-UPD$b00$c20170509$lBLL01$h0935
=CAT  \\$aBATCH-UPD$b00$c20170509$lBLL01$h0939
=CAT  \\$aW2003-0365$c20200305$lBLL01$h1101
=FIN  \\$aY$d20170509
=SID  \\$aZ30$bOCLC
=SRC  \\$aJapanKnowledge_2017$bJK_OCLC20170203.mrc
=LAS  \\$aW2003-0365$b00$c20200305$lBLL01$h1101

