=LDR  02075 am a22005654i 4500
=001  018338285
=003  Uk
=005  20170106043109.0
=006  m\\\\\o\\d\\\\\\\\
=007  cr\|||||||||||
=008  151113s2004\\\\ja\\\\\\o\\\\\000\0\jpn\d
=FMT  \\$a  BK
=020  \\$z4560058768
=020  \\$z9784560058763
=035  \\$a(OCoLC)929030746
=040  \\$aYUS$beng$cYUS$dOCLCO$dYUS$dOCLCO$dOCLCF$dOCLCO$dUk$erda$epn
=041  1\$ajpn$hfre
=245  00$6880-01$aAkuma no bunkashi /$cJoruju Minowa cho ; Hirano Takafumi yaku.
=264  \1$6880-02$aTōkyō :$bHakusuisha,$c2004.
=300  \\$a1 online resource.
=336  \\$atext$btxt$2rdacontent
=337  \\$acomputer$bc$2rdamedia
=338  \\$aonline resource$bcr$2rdacarrier
=490  1\$6880-03$aBunko kuseju ;$v876
=588  \\$aDescription based on print version.
=650  \0$aDevil$xHistory.
=650  \0$aDevil$xHistory of doctrines.
=650  \7$aDevil.$2fast$0(OCoLC)fst00891974
=650  \7$aDevil$xHistory of doctrines.$2fast$0(OCoLC)fst00891979
=655  \7$aHistory.$2fast$0(OCoLC)fst01411628
=700  1\$6880-04$aHirano, Takafumi,$d1961-
=700  1\$aMinois, Georges,$d1946-
=730  0\$aDiable.
=773  0\$tJapanKnowledge
=776  08$iPrint version:$tAkuma no bunkashi.
=830  \0$6880-05$aBunko kuseju$v876.
=856  40$3JapanKnowledge$uhttp://japanknowledge.com/lib/display/?lid=8021008760000$yJapanKnowledge Lib
=880  00$6245-01/{dollar}1$a悪魔の文化史 /$cジョルジュ・ミノワ著 ; 平野隆文訳.
=880  \1$6264-02/{dollar}1$a東京 :$b白水社,$c2004.
=880  1\$6490-03/{dollar}1$a文庫クセジュ ;$v876
=880  1\$6700-04/{dollar}1$a平野隆文,$d1961-
=880  \0$6830-05/{dollar}1$a文庫クセジュ ;$v876.
=859  \\$aORR$bJapanKnowledge
=CAT  \\$aW1704-1242$b00$c20170509$lBLL01$h0927
=CAT  \\$aBATCH-UPD$b00$c20170509$lBLL01$h0935
=CAT  \\$aW2003-0365$c20200305$lBLL01$h1101
=FIN  \\$aY$d20170509
=SID  \\$aZ30$bOCLC
=SRC  \\$aJapanKnowledge_2017$bJK_OCLC20170203.mrc
=LAS  \\$aW2003-0365$b00$c20200305$lBLL01$h1101

