=LDR  02439 am a22006257a 4500
=001  018338286
=003  Uk
=005  20170106043109.0
=006  m\\\\\o\\d\\\\\\\\
=007  cr\|||||||||||
=008  101107s2004\\\\ja\a\\\\od\\\\000\0\jpn\d
=FMT  \\$a  BK
=019  \\$a648996912$a928950640
=020  \\$z4095052015
=020  \\$z9784095052014
=035  \\$a(OCoLC)679344097$z(OCoLC)648996912$z(OCoLC)928950640
=040  \\$aOCLCE$beng$cOCLCE$dOCLCQ$dOCLCF$dYUS$dOCLCO$dOCLCQ$dUk$epn
=042  \\$adlr
=050  \4$aPL579$b.I44 2004
=084  \\$a815.2$2njb/9
=100  1\$6880-01$aIida, Asako,$d1969-
=245  10$6880-02$aKazoekata no jiten /$cIida Asako cho, Machida Ken kanshū.
=250  \\$6880-03$aShohan.
=260  \\$6880-04$aTōkyō :$bShōgakkan,$c2004.
=300  \\$a1 online resource (vi, 397 pages) :$billustrations
=336  \\$atext$btxt$2rdacontent
=337  \\$acomputer$bc$2rdamedia
=338  \\$aonline resource$bcr$2rdacarrier
=588  0\$aPrint version record.
=650  \0$aJapanese language$xNumerals$vDictionaries.
=650  \7$6880-05$aNihongo$xSushi$xJiten.$2jlabsh
=650  07$6880-06$aNihongo-Sūshi-Jiten.$2jlabsh/3
=650  \7$aJapanese language$xNumerals.$2fast$0(OCoLC)fst00981674
=655  \7$aDictionaries.$2fast$0(OCoLC)fst01423826
=700  1\$6880-07$aMachida, Ken,$d1957-
=773  0\$tJapanKnowledge
=776  08$iPrint version:$aIida, Asako, 1969-$tKazoekata no jiten.$bShohan.$dTōkyō : Shōgakkan, 2004
=856  40$3JapanKnowledge$uhttp://japanknowledge.com/lib/search/basic/?cids=20040$yJapanKnowledge Lib
=880  1\$6100-01/{dollar}1$a飯田朝子,$d1969-
=880  10$6245-02/{dollar}1$a数え方の辞典 /$c飯田朝子著, 町田健監修.
=880  \\$6250-03/{dollar}1$a初版.
=880  \\$6260-04/{dollar}1$a東京 :$b小学館,$c2004.
=880  \7$6650-05/{dollar}1$a日本語$x数詞$x辞典.$2jlabsh
=880  07$6650-06/{dollar}1$a日本語-数詞-辞典.$2jlabsh/3
=880  1\$6700-07/{dollar}1$a町田健,$d1957-
=880  \1$6264-00/{dollar}1$a東京 :$b小学館,$c2004.
=859  \\$aORR$bJapanKnowledge
=CAT  \\$aW1704-1242$b00$c20170509$lBLL01$h0927
=CAT  \\$aBATCH-UPD$b00$c20170509$lBLL01$h0935
=CAT  \\$aBATCH-UPD$b00$c20170509$lBLL01$h0939
=CAT  \\$aW2003-0365$c20200305$lBLL01$h1101
=FIN  \\$aY$d20170509
=SID  \\$aZ30$bOCLC
=SRC  \\$aJapanKnowledge_2017$bJK_OCLC20170203.mrc
=LAS  \\$aW2003-0365$b00$c20200305$lBLL01$h1101

