=LDR  02432 am a22006254i 4500
=001  018338287
=003  Uk
=005  20170106043109.0
=006  m\\\\\o\\d\\\\\\\\
=007  cr\|||||||||||
=008  151112s1975\\\\ja\\\\\\ob\\\\000\0\jpn\d
=FMT  \\$a  BK
=020  \\$z4560055769
=020  \\$z9784560055762
=035  \\$a(OCoLC)928950114
=040  \\$aYUS$beng$cYUS$dOCLCO$dYUS$dOCLCO$dUk$erda$epn
=041  1\$ajpn$hfre
=050  \4$aBX1747$b.R68163 1975
=100  1\$aRousseau, Hervé,$eauthor.
=240  10$aPensée chrétienne.$lJapanese
=245  10$6880-01$aKirisutokyō shisō /$cErube · Rusō ; Nakajima Kimiko yaku.
=264  \1$6880-02$aTōkyō-to :$bHakusuisha,$c1975.
=300  \\$a1 online resource.
=336  \\$atext$btxt$2rdacontent
=337  \\$acomputer$bc$2rdamedia
=338  \\$aonline resource$bcr$2rdacarrier
=490  1\$6880-03$aBunko kuseju ;$v576
=500  \\$aTranslation of: La Pensée Chrétienne by Presses Universitaires de France, 1973.
=504  \\$aIncludes bibliographical references (pages i-ii ; French and Japanese).
=588  \\$aDescription based on print version.
=610  20$aCatholic Church$xDoctrines$xHistory.
=610  26$aÉglise catholique$xDoctrines$xHistoire.
=610  27$aCatholic Church$2fast$0(OCoLC)fst00531720
=650  \0$aTheology, Doctrinal$xHistory.
=650  \6$aThéologie dogmatique$xHistoire.
=650  \7$aTheology, Doctrinal.$2fast$0(OCoLC)fst01149617
=655  \7$aHistory.$2fast$0(OCoLC)fst01411628
=700  1\$6880-05$aNakajima-Okano, Kimiko.
=773  0\$tJapanKnowledge
=776  08$iPrint version:$tKirisutokyō shisō
=830  \0$6880-06$aBunko kuseju$v576.
=856  40$3JapanKnowledge$uhttp://japanknowledge.com/lib/display/?lid=8021005760000$yJapanKnowledge Lib
=880  10$6245-01$aキリスト敎思想 /$cエルヴェ · ルソー ; 中島公子訳.
=880  \1$6264-02$a東京都 :$b白水社,$c1975.
=880  1\$6490-03$a文庫クセジュ ;$v576
=880  1\$6700-05$a中島公子.
=880  \0$6830-06$a文庫クセジュ ;$v576.
=859  \\$aORR$bJapanKnowledge
=CAT  \\$aW1704-1242$b00$c20170509$lBLL01$h0927
=CAT  \\$aBATCH-UPD$b00$c20170509$lBLL01$h0935
=CAT  \\$aW2003-0365$c20200305$lBLL01$h1101
=FIN  \\$aY$d20170509
=SID  \\$aZ30$bOCLC
=SRC  \\$aJapanKnowledge_2017$bJK_OCLC20170203.mrc
=LAS  \\$aW2003-0365$b00$c20200305$lBLL01$h1101

