=LDR  02483 am a22006374i 4500
=001  018338288
=003  Uk
=005  20170106043110.0
=006  m\\\\\o\\d\\\\\\\\
=007  cr\|||||||||||
=008  151112s2001\\\\ja\a\\\\o\\\\\001\0\jpn\d
=FMT  \\$a  BK
=020  \\$z4096580619
=020  \\$z9784096580615
=035  \\$a(OCoLC)928950077
=040  \\$aYUS$beng$cYUS$dOCLCO$dYUS$dOCL$dYUS$dOCLCO$dUk$erda$epn
=043  \\$aa-ja---
=050  \4$aPL762.R4$bR47 2001
=245  00$6880-01$aRengashū, haikaishū /$cchūkai Kaneko Kinjirō [and others].
=264  \1$6880-02$aTōkyō :$bShōgakkan,$c2001.
=300  \\$a1 online resource.
=336  \\$atext$btxt$2rdacontent
=337  \\$acomputer$bc$2rdamedia
=338  \\$aonline resource$bcr$2rdacarrier
=490  1\$6880-03$aShinpen Nihon koten bungaku zenshū ;$v61
=500  \\$6880-04$aIncludes index.
=588  \\$aDescription based on print version.
=648  \7$a1600-1868$2fast
=650  \0$aHaikai.
=650  \0$aJapanese poetry$yEdo period, 1600-1868.
=650  \0$aRenga.
=650  \7$aHaikai.$2fast$0(OCoLC)fst00950285
=650  \7$aJapanese poetry$xEdo period.$2fast$0(OCoLC)fst01710989
=650  \7$aRenga.$2fast$0(OCoLC)fst01094621
=700  1\$6880-05$aKaneko, Kinjirō,$d1907-
=773  0\$tJapanKnowledge
=776  08$iPrint version:$tRengashū, haikaishū
=830  \0$6880-06$aShinpen Nihon koten bungaku zenshū$v61.
=856  40$3JapanKnowledge Volume 2$uhttp://japanknowledge.com/lib/display/?lid=80110V00610291$yJapanKnowledge Lib
=856  40$3JapanKnowledge Volume 1$uhttp://japanknowledge.com/lib/display/?lid=80110V00610015$yJapanKnowledge Lib
=880  00$6245-01/{dollar}1$a連歌集・俳諧集 /$c注解金子金治郎 [and others].
=880  \1$6264-02/{dollar}1$a東京 :$b小学館,$c2001.
=880  1\$6490-03/{dollar}1$a新編日本古典文学全集 ;$v61
=880  \\$6500-04/{dollar}1$a付: 月報.
=880  1\$6700-05/{dollar}1$a金子金治郎,$d1907-
=880  \0$6830-06/{dollar}1$a新編日本古典文学全集 ;$v61.
=859  \\$aORR$bJapanKnowledge
=CAT  \\$aW1704-1242$b00$c20170509$lBLL01$h0927
=CAT  \\$aBATCH-UPD$b00$c20170509$lBLL01$h0935
=CAT  \\$aBATCH-UPD$b00$c20170509$lBLL01$h0939
=CAT  \\$aW2003-0365$c20200305$lBLL01$h1101
=CAT  \\$aBATCH-UPD$b00$c20200918$lBLL01$h2045
=FIN  \\$aY$d20170509
=SID  \\$aZ30$bOCLC
=SRC  \\$aJapanKnowledge_2017$bJK_OCLC20170203.mrc
=LAS  \\$aBATCH-UPD$b00$c20200918$lBLL01$h2045

