=LDR  02736 am a22006254i 4500
=001  018338289
=003  Uk
=005  20170106043110.0
=006  m\\\\\o\\d\\\\\\\\
=007  cr\|||||||||||
=008  160115s2009\\\\ja\\\\\\ob\\\\000\0\jpn\d
=FMT  \\$a  BK
=020  \\$z9784560509326
=020  \\$z4560509328
=035  \\$a(OCoLC)934799078
=040  \\$aSTF$beng$cYUS$dOCLCO$dYUS$dOCLCO$dOCLCF$dUk$erda$epn
=050  \4$aDG223$b.B75163 2009
=100  1\$6880-01,$aBriquel, Dominique.$eauthor.
=240  10$aÉtrusques.$lJapanese
=245  10$6880-02$aEtoruriajin :$bRōma no senjū minzoku kigen, bunmei, gengo /$cDominiku Burikeru cho ; Hirata Ryūichi kanshū ; Saitō Kagumi yaku.
=264  \1$6880-03$aTōkyō :$bHakusuisha,$c2009.
=300  \\$a1 online resource.
=336  \\$atext$btxt$2rdacontent
=337  \\$acomputer$bc$2rdamedia
=338  \\$aonline resource$bcr$2rdacarrier
=490  1\$6880-04$aBunko kuseju ;$v932
=500  \\$aTranslation of: Les Étrusques. Paris : Presses universitaires de France, 2005.
=504  \\$aIncludes bibliographical references.
=588  \\$aDescription based on print version record.
=650  \0$aEtruscans.
=650  07$6880-05$aEtoruria.$2jlabsh/4
=650  \7$aEtruscans.$2fast$0(OCoLC)fst00916316
=700  1\$6880-06$aHirata, Ryūichi,$etranslator.
=700  1\$6880-07$aSaitō, Kagumi,$etranslator.
=773  0\$tJapanKnowledge
=776  08$6880-08$iPrint version:$aBriquel, Dominique.$sLes Étrusques. Japanese.$tEtoruriajin.$dTōkyō : Hakusuisha, 2009
=830  \0$6880-09$aBunko kuseju$v932.
=856  40$3JapanKnowledge$uhttp://japanknowledge.com/lib/display/?lid=8021009320000$yJapanKnowledge Lib
=880  1\$6100-01$aドミニク・ブリケル.
=880  10$6245-02$aエトルリア人 :$bローマの先住民族起源・文明・言語 /$cドミニク・ブリケル著 ; 平田隆一監修 ; 斎藤かぐみ訳.
=880  \1$6264-03$a東京 :$b白水社,$c2009.
=880  1\$6490-04$a文庫クセジュ ;$v932
=880  07$6650-05$aエトルリア.$2jlabsh/4
=880  1\$6700-06$a平田隆一,$etranslator.
=880  1\$6700-07$a斎藤かぐみ,$etranslator.
=880  08$6776-08$iPrint version:$aBriquel, Dominique.$sLes Étrusques. Japanese.$tエトルリア人.$d東京 : 白水社, 2009$w(OCoLC)301548072
=880  \0$6830-09$a文庫クセジュ ;$v932.
=859  \\$aORR$bJapanKnowledge
=CAT  \\$aW1704-1242$b00$c20170509$lBLL01$h0927
=CAT  \\$aBATCH-UPD$b00$c20170509$lBLL01$h0935
=CAT  \\$aW2003-0365$c20200305$lBLL01$h1101
=FIN  \\$aY$d20170509
=SID  \\$aZ30$bOCLC
=SRC  \\$aJapanKnowledge_2017$bJK_OCLC20170203.mrc
=LAS  \\$aW2003-0365$b00$c20200305$lBLL01$h1101

