=LDR  02254 am a22006014i 4500
=001  018338290
=003  Uk
=005  20170106043110.0
=006  m\\\\\o\\d\\\\\\\\
=007  cr\|||||||||||
=008  151113s1993\\\\ja\\\\\gob\\\\000\0\jpnod
=FMT  \\$a  BK
=020  \\$z4560057389
=020  \\$z9784560057384
=035  \\$a(OCoLC)929030780
=040  \\$aYUS$beng$cYUS$dYUS$dOCLCO$dOCLCF$dEYM$dOCLCA$dUk$erda$epn
=041  1\$ajpn$hfre
=100  10$aAmbroselli, Claire,$eauthor.
=240  10$aÉthique médicale.$lJapanese
=245  00$6880-01$aI no rinri /$cKurēru Anburoseri cho ; Nakagawa Yonezō yaku.
=264  \1$6880-02$aTōkyō :$bHakusuisha,$c1993.
=300  \\$a1 online resource.
=336  \\$atext$btxt$2rdacontent
=337  \\$acomputer$bc$2rdamedia
=338  \\$aonline resource$bcr$2rdacarrier
=490  1\$6880-03$aBunko kuseju ;$v738
=504  \\$aIncludes bibliographical references.
=588  \\$aDescription based on print version.
=650  \0$aMedical ethics.
=650  \0$aEugenics.
=650  \0$aHuman experimentation in medicine.
=650  \7$aEugenics.$2fast$0(OCoLC)fst00916432
=650  \7$aHuman experimentation in medicine.$2fast$0(OCoLC)fst00963042
=650  \7$aMedical ethics.$2fast$0(OCoLC)fst01014081
=700  1\$6880-04$aNakagawa, Yonezō,$d1926-1997
=773  0\$tJapanKnowledge
=776  08$iPrint version:$tI no rinri
=830  \0$6880-05$aBunko kuseju$v738.
=856  40$3JapanKnowledge$uhttp://japanknowledge.com/lib/display/?lid=8021007380000$yJapanKnowledge Lib
=880  00$6245-01/{dollar}1$a医の倫理 /$cクレール・アンブロセリ著 ; 中川米造訳
=880  \1$6264-02/{dollar}1$a東京 :$b白水社,$c1993.
=880  1\$6490-03/{dollar}1$a文庫クセジュ ;$v738
=880  1\$6700-04/{dollar}1$a中川米造,$d1926-
=880  \0$6830-05/{dollar}1$a文庫クセジュ ;$v738.
=859  \\$aORR$bJapanKnowledge
=CAT  \\$aW1704-1242$b00$c20170509$lBLL01$h0927
=CAT  \\$aBATCH-UPD$b00$c20170509$lBLL01$h0935
=CAT  \\$aBATCH-UPD$b00$c20170509$lBLL01$h0939
=CAT  \\$aW2003-0365$c20200305$lBLL01$h1101
=FIN  \\$aY$d20170509
=SID  \\$aZ30$bOCLC
=SRC  \\$aJapanKnowledge_2017$bJK_OCLC20170203.mrc
=LAS  \\$aW2003-0365$b00$c20200305$lBLL01$h1101

