=LDR  02359 am a22006014i 4500
=001  018338291
=003  Uk
=005  20170106043111.0
=006  m\\\\\o\\d\\\\\\\\
=007  cr\|||||||||||
=008  160115s2004\\\\ja\a\\\\ob\\\\000\0\jpn\d
=FMT  \\$a  BK
=020  \\$z4560058733
=020  \\$z9784560058732
=035  \\$a(OCoLC)934798839
=040  \\$aWTU$beng$cYUS$dOCLCO$dYUS$dOCLCO$dOCLCF$dUk$erda$epn
=041  1\$ajpn$hfre
=100  1\$aAdam, Jean-Michel,$eauthor.
=240  10$aRécit.$lJapanese
=245  10$6880-01$aMonogatariron :$bPuroppu kara Ēko made /$cJan Misheru Adan cho ; Suematsu Hisashi, Satō Masatoshi yaku.
=264  \1$6880-02$aTōkyō :$bHakusuisha,$c2004.
=300  \\$a1 online resource :$billustrations.
=336  \\$atext$btxt$2rdacontent
=337  \\$acomputer$bc$2rdamedia
=338  \\$aonline resource$bcr$2rdacarrier
=490  1\$6880-03$aBunko kuseju ;$v873
=504  \\$aIncludes bibliographical references.
=588  \\$aDescription based on print version.
=650  \0$aNarration (Rhetoric)
=650  \0$aFiction$xTechnique.
=650  \7$aFiction$xTechnique.$2fast$0(OCoLC)fst00923755
=650  \7$aNarration (Rhetoric)$2fast$0(OCoLC)fst01032927
=700  1\$6880-04,$aSuematsu, Hisashi,$d1939-$etranslator.
=700  1\$6880-05$aSatō, Masatoshi,$etranslator.
=700  1\$iTranslation of:$aAdam, Jean-Michel.$tLe récit.
=773  0\$tJapanKnowledge
=776  08$iPrint version:$tMonogatariron.
=830  \0$6880-06$aBunko kuseju$v873.
=856  40$3JapanKnowledge$uhttp://japanknowledge.com/lib/display/?lid=8021008730000$yJapanKnowledge Lib
=880  10$6245-01$a物語論 :$bプロップからエーコまで /$cジャン=ミシェル・アダン著 ; 末松壽, 佐藤正年訳.
=880  \1$6264-02$a東京 :$b白水社,$c2004.
=880  1\$6490-03$a文庫クセジュ ;$v873
=880  1\$6700-04$a末松壽,$d1939-
=880  1\$6700-05$a佐藤正年,$etranslator.
=880  \0$6830-06$a文庫クセジュ ;$v873.
=859  \\$aORR$bJapanKnowledge
=CAT  \\$aW1704-1242$b00$c20170509$lBLL01$h0927
=CAT  \\$aBATCH-UPD$b00$c20170509$lBLL01$h0935
=CAT  \\$aW2003-0365$c20200305$lBLL01$h1101
=FIN  \\$aY$d20170509
=SID  \\$aZ30$bOCLC
=SRC  \\$aJapanKnowledge_2017$bJK_OCLC20170203.mrc
=LAS  \\$aW2003-0365$b00$c20200305$lBLL01$h1101

