=LDR  02718 am a2200685 a 4500
=001  018338292
=003  Uk
=005  20170106043111.0
=006  m\\\\\o\\d\\\\\\\\
=007  cr\un|||||||||
=008  100630s1973\\\\ja\c\\\\ob\\\\000\0\jpn\d
=FMT  \\$a  BK
=019  \\$a301245600
=020  \\$a4256182225$q(electronic bk.)
=020  \\$a9784256182222$q(electronic bk.)
=020  \\$z4582802400
=035  \\$a(OCoLC)645410634$z(OCoLC)301245600
=040  \\$aOCLCE$beng$cOCLCE$dOCLCQ$dOCLCO$dN{dollar}T$dCUS$dOCLCF$dOCLCA$dYUS$dOCLCO$dYUS$dOCLCO$dOCLCQ$dYUS$dOCLCO$dUk$epn
=042  \\$adlr
=043  \\$aa-ja---
=050  \4$aDS809$b.B61216 1973
=072  \7$aHIS$x021000$2bisacsh
=082  04$a952$223
=100  1\$aBird, Isabella L.$q(Isabella Lucy),$d1831-1904.
=240  10$aUnbeaten tracks in Japan.$lJapanese
=245  10$6880-01$aNihon okuchi kikō /$cIsabera Bādo ; Takanashi Kenkichi yaku.
=250  \\$6880-02$aShohan.
=260  \\$6880-03$aTōkyō :$bHeibonsha,$cShōwa 48 [1973]
=300  \\$a1 online resource (386 pages) :$bportrait.
=336  \\$atext$btxt$2rdacontent
=337  \\$acomputer$bc$2rdamedia
=338  \\$aonline resource$bcr$2rdacarrier
=490  1\$6880-04$aTōyō bunko ;$v240
=504  \\$aIncludes bibliographical references (pages 384-385).
=588  0\$aPrint version record.
=650  \7$aHISTORY$zAsia$zJapan.$2bisacsh
=650  \7$aTravel.$2fast$0(OCoLC)fst01155558
=651  \0$aJapan$xDescription and travel.
=651  \7$aJapan.$2fast$0(OCoLC)fst01204082
=655  \4$aElectronic books.
=700  1\$6880-05$aTakanashi, Kenkichi,$d1919-2010
=773  0\$tJapanKnowledge
=776  08$iPrint version:$aBird, Isabella L. (Isabella Lucy), 1831-1904.$sUnbeaten tracks in Japan. Japanese.$tNihon okuchi kikō.$dTōkyō Heibonsha Shōwa 48 (1973)
=830  \0$6880-06$aTōyō bunko$v240.
=856  40$3JapanKnowledge$uhttp://japanknowledge.com/lib/display/?lid=80010V0240P0002$yJapanKnowledge Lib
=880  10$6245-01/{dollar}1$a日本奥地紀行 /$cイサベラ. バード ; 高梨健吉訳.
=880  \\$6250-02/{dollar}1$a初版.
=880  \\$6260-03/{dollar}1$a東京 :$b平凡社,$c昭和 48 [1973]
=880  1\$6490-04/{dollar}1$a東洋文庫 ;$v240
=880  1\$6700-05/{dollar}1$a高梨健吉,$d1919-
=880  \0$6830-06/{dollar}1$a東洋文庫 ;$v240.
=859  \\$aORR$bJapanKnowledge
=CAT  \\$aW1704-1242$b00$c20170509$lBLL01$h0927
=CAT  \\$aBATCH-UPD$b00$c20170509$lBLL01$h0935
=CAT  \\$aBATCH-UPD$b00$c20170509$lBLL01$h0939
=CAT  \\$aW2003-0365$c20200305$lBLL01$h1101
=FIN  \\$aY$d20170509
=SID  \\$aZ30$bOCLC
=SRC  \\$aJapanKnowledge_2017$bJK_OCLC20170203.mrc
=LAS  \\$aW2003-0365$b00$c20200305$lBLL01$h1101

