=LDR  02828 am a22007337a 4500
=001  018338293
=003  Uk
=005  20170106043111.0
=006  m\\\\\o\\d\\\\\\\\
=007  cr\|||||||||||
=008  100630s1964\\\\ja\\\\\\ob\\\\000\0\jpn\d
=FMT  \\$a  BK
=019  \\$a300777346
=035  \\$a(OCoLC)645408911$z(OCoLC)300777346
=040  \\$aOCLCE$beng$cOCLCE$dOCLCF$dOCLCO$dCUS$dYUS$dOCLCO$dYUS$dOCLCO$dOCLCQ$dYUS$dOCLCO$dUk$epn
=042  \\$adlr
=043  \\$aa-ja---
=050  \4$aBL1442.S52$bT3 1964b
=100  0\$6880-01$aShinran,$d1173-1263
=240  10$6880-02$aTannishō
=245  10$6880-03$aTannishō ; Shūjishō /$cShinran jutsu ; Ishida Mizumaro yaku.
=246  3\$6880-04$aTanni shō
=250  \\$6880-05$aShohan.
=260  \\$6880-06$aTōkyō :$bHeibonsha,$cShōwa 39 [1964]
=300  \\$a1 online resource (268 pages).
=336  \\$atext$btxt$2rdacontent
=337  \\$acomputer$bc$2rdamedia
=338  \\$aonline resource$bcr$2rdacarrier
=490  1\$6880-07$aTōyō bunko ;$v33
=504  \\$aIncludes bibliographical references.
=505  0\$6880-08$aTannishō -- Shūjishō -- Kudenshō -- Kaijashō.
=588  0\$aPrint version record.
=600  00$6880-09$aShinran,$d1173-1263
=600  07$aShinran,$d1173-1263$2fast$0(OCoLC)fst00081673
=650  \0$aShin (Sect)$xDoctrines.
=650  \7$aShin (Sect)$xDoctrines.$2fast$0(OCoLC)fst01116012
=653  \\$6880-10$aTannishō.
=700  1\$6880-11$aIshida, Mizumaro.
=740  02$6880-12$aShūjisho.
=773  0\$tJapanKnowledge
=776  08$iPrint version:$aShinran, 1173-1263.$sTannishō.$tTannishō ; Shūjishō.$bShohan.$dTōkyō : Heibonsha, Shōwa 39 [1964]
=830  \0$6880-13$aTōyō bunko$v33.
=856  40$3JapanKnowledge$uhttp://japanknowledge.com/lib/display/?lid=80010V0033P0002$yJapanKnowledge Lib
=880  0\$6100-01/{dollar}1$a親鸞,$d1173-1263.
=880  10$6240-02/{dollar}1$a歎異抄
=880  10$6245-03/{dollar}1$a歎異抄・執持鈔 /$c親鸞述 ; 石田瑞麿訳.
=880  3\$6246-04/{dollar}1$a歎異抄
=880  \\$6250-05/{dollar}1$a初版.
=880  \\$6260-06/{dollar}1$a東京 :$b平凡社,$c昭和39 [1964]
=880  1\$6490-07/{dollar}1$a東洋文庫 ;$v33
=880  0\$6505-08/{dollar}1$a歎異抄 -- 執持鈔 -- 口伝鈔 -- 改邪鈔.
=880  04$6600-09/{dollar}1$a親鸞,$d1173-1263.
=880  \\$6653-10/{dollar}1$a歎異鈔.
=880  1\$6700-11/{dollar}1$a石田瑞麿.
=880  02$6740-12/{dollar}1$a執持鈔.
=880  \0$6830-13/{dollar}1$a東洋文庫 ;$v33.
=859  \\$aORR$bJapanKnowledge
=CAT  \\$aW1704-1242$b00$c20170509$lBLL01$h0927
=CAT  \\$aBATCH-UPD$b00$c20170509$lBLL01$h0935
=CAT  \\$aW2003-0365$c20200305$lBLL01$h1101
=FIN  \\$aY$d20170509
=SID  \\$aZ30$bOCLC
=SRC  \\$aJapanKnowledge_2017$bJK_OCLC20170203.mrc
=LAS  \\$aW2003-0365$b00$c20200305$lBLL01$h1101

