=LDR  02487 am a22006137  4500
=001  018338294
=003  Uk
=005  20170106043112.0
=006  m\\\\\o\\d\\\\\\\\
=007  cr\|||||||||||
=008  100630s1972\\\\ja\a\\\\ob\\\\000\0\jpn\d
=FMT  \\$a  BK
=019  \\$a300350867$a605362413$a648569346
=035  \\$a(OCoLC)645454728$z(OCoLC)300350867$z(OCoLC)605362413$z(OCoLC)648569346
=040  \\$aOCLCE$beng$cOCLCE$dCUS$dOCLCQ$dOCLCO$dOCLCF$dYUS$dOCLCO$dOCLCA$dYUS$dOCLCO$dOCL$dOCLCQ$dYUS$dOCLCO$dUk$epn
=041  1\$ajpn$heng
=042  \\$adlr
=043  \\$aa-kr---
=050  \4$aDS916$b.M216
=100  1\$aMcKenzie, Fred A.$q(Fred Arthur),$d1869-1931.
=240  10$aTragedy of Korea.$lJapanese
=245  10$6880-01$aChōsen no higeki$cF.A. Makkenjī [cho] Watanabe Manabu yakuchū.
=260  \\$6880-02$aTōk̄yō,$bHeibonsha,$cShōwa 47 (1972)
=300  \\$a1 online resource (282, 3) :$billustrations.
=336  \\$atext$btxt$2rdacontent
=337  \\$acomputer$bc$2rdamedia
=338  \\$aonline resource$bcr$2rdacarrier
=490  1\$6880-03$aTōyō bunko,$v222
=504  \\$aIncludes bibliographical references.
=588  0\$aPrint version record.
=648  \7$a1864-1910$2fast
=651  \0$aKorea$xHistory$y1864-1910.
=651  \7$aKorea.$2fast$0(OCoLC)fst01206434
=655  \7$aHistory.$2fast$0(OCoLC)fst01411628
=700  1\$6880-04$aWatanabe, Manabu,$d1913-1991
=773  0\$tJapanKnowledge
=776  08$iPrint version:$aMackenzie, Frederick Arthur, 1869-1931.$sTragedy of Korea. Japanese.$tChōsen no higeki.$dTōk̄yō, Heibonsha, Shōwa 47 (1972)
=830  \0$6880-05$aTōyō bunko$v222.
=856  40$3JapanKnowledge$uhttp://japanknowledge.com/lib/display/?lid=80010V0222P0002$yJapanKnowledge Lib
=880  10$6245-01/{dollar}1$a朝鮮の悲劇$cF.A. マッケンジー[著] 渡部学訳注.
=880  \\$6260-02/{dollar}1$a東京,$b平凡社,$c昭和47 (1972)
=880  \\$6250-00/{dollar}1$a初版.
=880  1\$6490-03/{dollar}1$a東洋文庫,$v222
=880  1\$6700-04/{dollar}1$a渡部学,$d1913-
=880  \0$6830-05/{dollar}1$a東洋文庫 ;$v222.
=859  \\$aORR$bJapanKnowledge
=CAT  \\$aW1704-1242$b00$c20170509$lBLL01$h0927
=CAT  \\$aBATCH-UPD$b00$c20170509$lBLL01$h0935
=CAT  \\$aBATCH-UPD$b00$c20170509$lBLL01$h0939
=CAT  \\$aW2003-0365$c20200305$lBLL01$h1101
=FIN  \\$aY$d20170509
=SID  \\$aZ30$bOCLC
=SRC  \\$aJapanKnowledge_2017$bJK_OCLC20170203.mrc
=LAS  \\$aW2003-0365$b00$c20200305$lBLL01$h1101

