=LDR  03019 am a22007457a 4500
=001  018338295
=003  Uk
=005  20170106043112.0
=006  m\\\\\o\\d\\\\\\\\
=007  cr\|||||||||||
=008  100626s1967\\\\ja\\\\\\o\\\\\000\0\jpn\d
=FMT  \\$a  BK
=019  \\$a300997235
=020  \\$z4582800831
=020  \\$z9784582800838
=035  \\$a(OCoLC)644123108$z(OCoLC)300997235
=040  \\$aOCLCE$beng$cOCLCE$dOCLCQ$dOCLCO$dCUS$dYUS$dOCLCO$dYUS$dOCLCO$dOCLCQ$dYUS$dOCLCO$dUk$epn
=041  1\$ajpn$hchi
=042  \\$adlr
=043  \\$aa-cc-pe$aa-cc---
=050  \4$aGR336.P44$bD86163 1967
=084  \\$a386.22$2njb
=100  1\$6880-01$aDun, Lichen,$d1855-1911
=240  10$6880-02$aYanjing sui shi ji.$lJapanese
=245  10$6880-03$aEnkei saijiki :$bPekin nenjū gyōjiki /$cTon Sū cho ; Ono Katsutoshi yaku.
=246  30$6880-04$aPekin nenjū gyōjiki
=250  \\$6880-05$aShohan.
=260  \\$6880-06$aTōkyō :$bHeibonsha,$cShōwa 42 [1967]
=300  \\$a1 online resource (14, 255 pages).
=336  \\$atext$btxt$2rdacontent
=337  \\$acomputer$bc$2rdamedia
=338  \\$aonline resource$bcr$2rdacarrier
=490  1\$6880-07$aTōyō bunko ;$v83
=500  \\$6880-08$a"Genpon wa Kōcho heigo (1906) chūshū kaichō no Pekin no Rurishō no Buntokusai-bon ni yotta."
=500  \\$aTranslation of: Yanjing sui shi ji.
=588  0\$aPrint version record.
=650  \0$aCalendar, Chinese.
=650  \0$aFolklore$zChina$zBeijing.
=651  \0$aBeijing (China)$xFestivals, etc.
=651  \0$aChina$xSocial life and customs.
=653  \\$6880-09$aNenchūgyōji$aChūgoku.
=700  1\$6880-10$aOno, Katsutoshi.
=773  0\$tJapanKnowledge
=776  08$iPrint version:$aDun, Lichen, 1855-1911.$sYanjing sui shi ji. Japanese.$tEnkei saijiki.$bShohan.$dTōkyō : Heibonsha, Shōwa 42 [1967]
=830  \0$6880-11$aTōyō bunko$v83.
=856  40$3JapanKnowledge$uhttp://japanknowledge.com/lib/display/?lid=80010V0083P0002$yJapanKnowledge Lib
=880  1\$6100-01/{dollar}1$a敦礼臣,$d1855-1911.
=880  10$6240-02/{dollar}1$a燕京歲時記.$lJapanese
=880  10$6245-03/{dollar}1$a燕京歲時記 :$b北京年中行事記 /$c敦崇著 ; 小野勝年訳.
=880  30$6246-04/{dollar}1$a北京年中行事記
=880  \\$6250-05/{dollar}1$a初版.
=880  \\$6260-06/{dollar}1$a東京 :$b平凡社,$c昭和 42 [1967]
=880  1\$6490-07/{dollar}1$a東洋文庫 ;$v83
=880  \\$6500-08/{dollar}1$a"原本は光緖丙午 (1906) 仲秋開雕の北京の琉璃廠の文徳斎本によった."
=880  \\$6653-09/{dollar}1$a年中行事$a中国.
=880  1\$6700-10/{dollar}1$a小野勝年.
=880  \0$6830-11/{dollar}1$a東洋文庫 ;$v83.
=859  \\$aORR$bJapanKnowledge
=CAT  \\$aW1704-1242$b00$c20170509$lBLL01$h0927
=CAT  \\$aBATCH-UPD$b00$c20170509$lBLL01$h0935
=CAT  \\$aW2003-0365$c20200305$lBLL01$h1101
=FIN  \\$aY$d20170509
=SID  \\$aZ30$bOCLC
=SRC  \\$aJapanKnowledge_2017$bJK_OCLC20170203.mrc
=LAS  \\$aW2003-0365$b00$c20200305$lBLL01$h1101

