=LDR  02191 am a22005777a 4500
=001  018338296
=003  Uk
=005  20170106043112.0
=006  m\\\\\o\\d\\\\\\\\
=007  cr\|||||||||||
=008  100712s1986\\\\ja\\\\\\ob\\\\000\0\jpn\d
=FMT  \\$a  BK
=020  \\$z4560054444
=020  \\$z9784560054444
=035  \\$a(OCoLC)647485365
=040  \\$aOCLCE$beng$cOCLCE$dOCLCQ$dOCLCF$dOCLCO$dOCLCA$dYUS$dOCLCO$dOCLCQ$dUk$epn
=041  1\$ajpn$hfre
=042  \\$adlr
=050  \4$aBS1158.J3$bJ32 1986
=100  1\$aJacob, Edmond.
=240  10$aAncien Testament.$lJapanese
=245  10$6880-01$aKyūyaku Seisho /$cEdomon Jakobu ; Nishimura Toshiaki yaku.
=250  \\$6880-02$aKaitei shinpan.
=260  \\$6880-03$aTōkyō :$bHakusuisha,$c1986.
=300  \\$a1 online resource (164, vi pages).
=336  \\$atext$btxt$2rdacontent
=337  \\$acomputer$bc$2rdamedia
=338  \\$aonline resource$bcr$2rdacarrier
=490  0\$6880-04$aBunko kuseju ;$v444
=504  \\$aIncludes bibliographical references.
=588  0\$aPrint version record.
=630  00$aBible.$pOld Testament$vIntroductions.
=630  07$aBible.$pOld Testament.$2fast$0(OCoLC)fst01808092
=655  \7$aIntroductions.$2fast$0(OCoLC)fst01423833
=700  1\$6880-05$aNishimura, Toshiaki.
=773  0\$tJapanKnowledge
=776  08$iPrint version:$aJacob, Edmond.$sAncien Testament. Japanese.$tKyūyaku Seisho.$bKaitei shinpan.$dTōkyō : Hakusuisha, 1986
=856  40$3JapanKnowledge$uhttp://japanknowledge.com/lib/display/?lid=8021004440000$yJapanKnowledge Lib
=880  10$6245-01/{dollar}1$a旧約聖書 /$cエドモン・ジャコブ ; 西村俊昭訳.
=880  \\$6250-02/{dollar}1$a改訂新版.
=880  \\$6260-03/{dollar}1$a東京 :$b白水社,$c1986.
=880  0\$6490-04/{dollar}1$a文庫クセジュ ;$v444
=880  1\$6700-05/{dollar}1$a西村俊昭.
=859  \\$aORR$bJapanKnowledge
=CAT  \\$aW1704-1242$b00$c20170509$lBLL01$h0927
=CAT  \\$aBATCH-UPD$b00$c20170509$lBLL01$h0936
=CAT  \\$aW2003-0365$c20200305$lBLL01$h1101
=FIN  \\$aY$d20170509
=SID  \\$aZ30$bOCLC
=SRC  \\$aJapanKnowledge_2017$bJK_OCLC20170203.mrc
=LAS  \\$aW2003-0365$b00$c20200305$lBLL01$h1101

