=LDR  02236 am a22005774i 4500
=001  018338297
=003  Uk
=005  20170106043113.0
=006  m\\\\\o\\d\\\\\\\\
=007  cr\|||||||||||
=008  151113s1993\\\\ja\\\\\gob\\\\000\p\jpnod
=FMT  \\$a  BK
=020  \\$z4560057486
=020  \\$z9784560057483
=035  \\$a(OCoLC)929031460
=040  \\$aCNEAL$beng$cYUS$dOCLCO$dYUS$dOCLCO$dOCLCF$dOCLCO$dUk$erda$epn
=041  1\$ajpn$hfre
=050  \4$aPQ401$b.R6165 1993
=100  1\$aRousselot, Jean,$d1913-2004,$eauthor.
=240  10$aHistoire de la pǒsie fraṅaise.$lJapanese
=245  10$6880-01$aFuransushi no rekishi /$cJan Rūsuro cho ; Tsuyuzaki Toshikazu yaku.
=264  \1$6880-02$aTōkyō :$bHakusuisha,$c1993.
=300  \\$a1 online resource.
=336  \\$atext$btxt$2rdacontent
=337  \\$acomputer$bc$2rdamedia
=338  \\$aonline resource$bcr$2rdacarrier
=490  1\$6880-03$aBunko kuseju ;$v748
=500  \\$aTranslation of: Histoire de la pǒsie fraṅaise.
=504  \\$aIncludes bibliographical references.
=588  \\$aDescription based on print version.
=650  \0$aFrench poetry$xHistory and criticism.
=650  \7$aFrench poetry.$2fast$0(OCoLC)fst00934799
=655  \7$aCriticism, interpretation, etc.$2fast$0(OCoLC)fst01411635
=700  1\$6880-04$aTsuyuzaki, Toshikazu,$d1955-
=773  0\$tJapanKnowledge
=776  08$iPrint version:$tFuransushi no rekishi
=830  \0$6880-05$aBunko kuseju$v748.
=856  40$3JapanKnowledge$uhttp://japanknowledge.com/lib/display/?lid=8021007480000$yJapanKnowledge Lib
=880  10$6245-01/{dollar}1$aフランス詩の歴史 /$cジャン・ルースロ著 ; 露崎俊和訳
=880  \1$6264-02/{dollar}1$a東京 :$b白水社,$c1993.
=880  1\$6490-03/{dollar}1$a文庫クセジュ ;$v748
=880  1\$6700-04/{dollar}1$a露崎俊和,$d1955-
=880  \0$6830-05/{dollar}1$a文庫クセジュ ;$v748.
=859  \\$aORR$bJapanKnowledge
=CAT  \\$aW1704-1242$b00$c20170509$lBLL01$h0927
=CAT  \\$aBATCH-UPD$b00$c20170509$lBLL01$h0936
=CAT  \\$aW2003-0365$c20200305$lBLL01$h1101
=FIN  \\$aY$d20170509
=SID  \\$aZ30$bOCLC
=SRC  \\$aJapanKnowledge_2017$bJK_OCLC20170203.mrc
=LAS  \\$aW2003-0365$b00$c20200305$lBLL01$h1101

