=LDR  03335 am a2200685 a 4500
=001  018338298
=003  Uk
=005  20170106043113.0
=006  m\\\\\o\\d\\\\\\\\
=007  cr\un|||||||||
=008  120131m19651975ja\a\\\\ob\\\\000\0\jpn\d
=FMT  \\$a  BK
=035  \\$a(OCoLC)774591659
=040  \\$aCUS$beng$cCUS$dOCLCQ$dOCLCA$dYUS$dOCLCO$dOCLCQ$dYUS$dOCLCO$dOCLCQ$dYUS$dOCLCO$dUk
=041  1\$ajpn$hchi
=050  \4$aPL2446$b.K45
=130  0\$6880-01$aJin gu qi guan.$lJapanese.
=245  10$6880-02$aKinko kikan :$bMindai tanpen shōsetsu senshū /$cHōō Rōjin hen ; Komada Shinji, Tatsuma Shōsuke yaku.
=250  \\$6880-03$aShohan.
=260  \\$6880-04$aTōkyō :$bHeibonsha,$cShōwa 40-50 [1965-1975]$g(1974-1977 printing)
=300  \\$a1 online resource (5 volumes) :$billustrations.
=336  \\$atext$btxt$2rdacontent
=337  \\$acomputer$bc$2rdamedia
=338  \\$aonline resource$bcr$2rdacarrier
=490  1\$6880-05$aTōyō bunko ;$v34, 45, 77, 261, 266
=500  \\$6880-06$a"Hensha wa Koso (Soshū) no Hōō Rōjin to aru ga ... yoku wakaranai."
=504  \\$aIncludes bibliographical references.
=588  0\$aPrint version record.
=650  \0$aChinese fiction$yMing dynasty, 1368-1644$vTranslations into Japanese.
=650  \0$aJapanese fiction$vTranslations from Chinese.
=700  0\$6880-07$aBaowenglaoren.
=700  1\$6880-08$aKomada, Shinji,$d1914-1994
=700  1\$6880-09$aTatsuma, Shōsuke,$d1928-2014
=773  0\$tJapanKnowledge
=776  08$iPrint version:$tKinko kikan.$dTōkyō : Heibonsha, Shōwa 40-50 [1965-1975]
=830  \0$6880-10$aTōyō bunko$v34, 45, 77, 261, 266.
=856  40$3JapanKnowledge Volume 5$uhttp://japanknowledge.com/lib/display/?lid=80010V0266P0002$yJapanKnowledge Lib
=856  40$3JapanKnowledge Volume 1$uhttp://japanknowledge.com/lib/display/?lid=80010V0034P0002$yJapanKnowledge Lib
=856  40$3JapanKnowledge Volume 2$uhttp://japanknowledge.com/lib/display/?lid=80010V0045P0002$yJapanKnowledge Lib
=856  40$3JapanKnowledge Volume 3$uhttp://japanknowledge.com/lib/display/?lid=80010V0077P0002$yJapanKnowledge Lib
=856  40$3JapanKnowledge Volume 4$uhttp://japanknowledge.com/lib/display/?lid=80010V0261P0002$yJapanKnowledge Lib
=880  0\$6130-01/{dollar}1$a今古奇観.$lJapanese.
=880  10$6245-02/{dollar}1$a今古奇観 :$b明代短編小說選集 /$c抱甕老人編 ; 駒田信二, 立間祥介訳.
=880  \\$6250-03/{dollar}1$a初版.
=880  \\$6260-04/{dollar}1$a東京 :$b平凡社,$c昭和 40-50 [1965-1975]$g(1974-1977 printing)
=880  1\$6490-05/{dollar}1$a東洋文庫 ;$v34, 45, 77, 261, 266
=880  \\$6500-06/{dollar}1$a"編者は姑蘇(蘇州)の抱甕老人とあるが ... よくわからない."
=880  0\$6700-07/{dollar}1$a抱甕老人.
=880  1\$6700-08/{dollar}1$a駒田信二,$d1914-
=880  1\$6700-09/{dollar}1$a立間祥介,$d1928-
=880  \0$6830-10/{dollar}1$a東洋文庫 ;$v34, 45, 77, 261, 266.
=859  \\$aORR$bJapanKnowledge
=CAT  \\$aW1704-1242$b00$c20170509$lBLL01$h0927
=CAT  \\$aBATCH-UPD$b00$c20170509$lBLL01$h0936
=CAT  \\$aBATCH-UPD$b00$c20170509$lBLL01$h0939
=CAT  \\$aW2003-0365$c20200305$lBLL01$h1101
=FIN  \\$aY$d20170509
=SID  \\$aZ30$bOCLC
=SRC  \\$aJapanKnowledge_2017$bJK_OCLC20170203.mrc
=LAS  \\$aW2003-0365$b00$c20200305$lBLL01$h1101

