=LDR  03040 am a2200721 a 4500
=001  018338299
=003  Uk
=005  20170106043113.0
=006  m\\\\\o\\d\\\\\\\\
=007  cr\un|||||||||
=008  120403s2000\\\\ja\ab\\\ob\\\\000\0\jpn\d
=FMT  \\$a  BK
=020  \\$z4582806740$q(v. 1)
=020  \\$z9784582806748$q(v. 1)
=035  \\$a(OCoLC)783296666
=040  \\$aCUS$beng$cCUS$dOCLCQ$dOCLCF$dYUS$dOCLCQ$dOCLCO$dYUS$dOCLCQ$dYUS$dOCLCO$dUk
=041  1\$ajpn$hchi
=043  \\$aa-cc---
=050  \4$aDS795.H25$bW88 2000
=100  1\$6880-01$aWu, Zimu.
=240  10$6880-02$aMeng Liang lu.$lJapanese
=245  10$6880-03$aMuryōroku :$bNansō Rin'an hanjōki /$cGo Jiboku ; Umehara Kaoru yakuchū.
=250  \\$6880-04$aShohan.
=260  \\$6880-05$aTōkyō :$bHeibonsha,$c2000.
=300  \\$a1 online resource (3 volumes) :$billustrations.
=336  \\$atext$btxt$2rdacontent
=337  \\$acomputer$bc$2rdamedia
=338  \\$aonline resource$bcr$2rdacarrier
=490  1\$6880-06$aTōyō bunko ;$v674, 676, 681
=500  \\$aTranslation of: Meng Liang lu.
=504  \\$aIncludes bibliographical references.
=588  0\$aPrint version record.
=650  \7$aManners and customs.$2fast$0(OCoLC)fst01007815
=651  \0$6880-07$aHangzhou (China)$xHistory.
=651  \0$6880-08$aHangzhou (China)$xSocial life and customs.
=651  \7$aChina$zHangzhou.$2fast$0(OCoLC)fst01302719
=655  \7$aHistory.$2fast$0(OCoLC)fst01411628
=700  1\$6880-09$aUmehara, Kaoru,$d1934-
=773  0\$tJapanKnowledge
=776  08$iPrint version:$aWu, Zimu.$sMeng Liang lu. Japanese.$tMuryōroku.$bShohan.$dTōkyō : Heibonsha, 2000-$z4582806740
=830  \0$6880-10$aTōyō bunko$v674, 676, 681.
=856  40$3JapanKnowledge Volume 3$uhttp://japanknowledge.com/lib/display/?lid=80010V0681P0002$yJapanKnowledge Lib
=856  40$3JapanKnowledge Volume 1$uhttp://japanknowledge.com/lib/display/?lid=80010V0674P0002$yJapanKnowledge Lib
=856  40$3JapanKnowledge Volume 2$uhttp://japanknowledge.com/lib/display/?lid=80010V0676P0002$yJapanKnowledge Lib
=880  1\$6100-01/{dollar}1$a呉自牧.
=880  10$6240-02/{dollar}1$a夢粱錄.$lJapanese
=880  10$6245-03/{dollar}1$a夢粱錄 :$b南宋臨安繁昌記 /$c呉自牧 ; 梅原郁訳注.
=880  \\$6250-04/{dollar}1$a初版.
=880  \\$6260-05/{dollar}1$a東京 :$b平凡社,$c2000.
=880  1\$6490-06/{dollar}1$a東洋文庫 ;$v674, 676, 681
=880  \4$6651-07/{dollar}1$a杭州 (China)$xHistory.
=880  \4$6651-08/{dollar}1$a杭州 (China)$xSocial life and customs.
=880  1\$6700-09/{dollar}1$a梅原郁,$d1934-
=880  \0$6830-10/{dollar}1$a東洋文庫 ;$v674, 676, 681.
=859  \\$aORR$bJapanKnowledge
=CAT  \\$aW1704-1242$b00$c20170509$lBLL01$h0927
=CAT  \\$aBATCH-UPD$b00$c20170509$lBLL01$h0936
=CAT  \\$aBATCH-UPD$b00$c20170509$lBLL01$h0939
=CAT  \\$aW2003-0365$c20200305$lBLL01$h1101
=FIN  \\$aY$d20170509
=SID  \\$aZ30$bOCLC
=SRC  \\$aJapanKnowledge_2017$bJK_OCLC20170203.mrc
=LAS  \\$aW2003-0365$b00$c20200305$lBLL01$h1101

