=LDR  02565 am a22006617a 4500
=001  018338300
=003  Uk
=005  20170106043114.0
=006  m\\\\\o\\d\\\\\\\\
=007  cr\|||||||||||
=008  111014s1990\\\\ja\\\\\\ob\\\\000\0djpn\d
=FMT  \\$a  BK
=019  \\$a607898191
=020  \\$z4582805256
=020  \\$z4582805264
=020  \\$z9784582805253
=020  \\$z9784582805260
=035  \\$a(OCoLC)757122294$z(OCoLC)607898191
=040  \\$aOCLCE$beng$cOCLCE$dCUS$dOCLCQ$dOCLCO$dOCLCF$dYUS$dOCLCO$dYUS$dOCLCO$dOCLCQ$dYUS$dOCLCO$dUk$epn
=041  1\$ajpn$hchi
=042  \\$adlr
=050  \4$aBL1900.K624$bJ3 1990a
=100  1\$6880-01$aGe, Hong,$d284-364
=240  10$6880-02$aBaopuzi.$pWai pian.$lJapanese
=245  10$6880-03$aHōbokushi.$pGaihen /$cKatsu Kō ; Honda Wataru yakuchū.
=250  \\$6880-04$aShohan.
=260  \\$6880-05$aTōkyō :$bHeibonsha,$c1990.
=300  \\$a1 online resource (2 volumes).
=336  \\$atext$btxt$2rdacontent
=337  \\$acomputer$bc$2rdamedia
=338  \\$aonline resource$bcr$2rdacarrier
=490  1\$6880-06$aTōyō bunko ;$v525-526
=504  \\$aIncludes bibliographical references.
=588  0\$aPrint version record.
=650  \0$aTaoism.
=650  \7$aTaoism.$2fast$0(OCoLC)fst01142920
=700  1\$6880-07$aHonda, Wataru,$d1920-2009
=773  0\$tJapanKnowledge
=776  08$iPrint version:$aGe, Hong, 284-364.$sBaopuzi. Wai pian. Japanese.$tHōbokushi. Gaihen.$bShohan.$dTōkyō : Heibonsha, 1990$z4582805256
=830  \0$6880-08$aTōyō bunko$v525-526.
=856  40$3JapanKnowledge Volume 1$uhttp://japanknowledge.com/lib/display/?lid=80010V0525P0002$yJapanKnowledge Lib
=856  40$3JapanKnowledge Volume 2$uhttp://japanknowledge.com/lib/display/?lid=80010V0526P0002$yJapanKnowledge Lib
=880  1\$6100-01/{dollar}1$a葛洪,$d284-364.
=880  10$6240-02/{dollar}1$a抱朴子.$p外篇.$lJapanese
=880  10$6245-03/{dollar}1$a抱朴子.$p外篇 /$c葛洪 ; 本田濟訳注.
=880  \\$6250-04/{dollar}1$a初版.
=880  \\$6260-05/{dollar}1$a東京 :$b平凡社,$c1990.
=880  1\$6490-06/{dollar}1$a東洋文庫 ;$v525-526
=880  1\$6700-07/{dollar}1$a本田濟,$d1920-2009.
=880  \0$6830-08/{dollar}1$a東洋文庫 ;$v525-526.
=859  \\$aORR$bJapanKnowledge
=CAT  \\$aW1704-1242$b00$c20170509$lBLL01$h0927
=CAT  \\$aBATCH-UPD$b00$c20170509$lBLL01$h0936
=CAT  \\$aW2003-0365$c20200305$lBLL01$h1101
=FIN  \\$aY$d20170509
=SID  \\$aZ30$bOCLC
=SRC  \\$aJapanKnowledge_2017$bJK_OCLC20170203.mrc
=LAS  \\$aW2003-0365$b00$c20200305$lBLL01$h1101

