=LDR  02977 am a22006614i 4500
=001  018338301
=003  Uk
=005  20170106043114.0
=006  m\\\\\o\\d\\\\\\\\
=007  cr\|||||||||||
=008  151112s2000\\\\ja\a\\\\ob\\\\000\1\jpn\d
=FMT  \\$a  BK
=020  \\$z4096580651
=020  \\$z9784096580653
=035  \\$a(OCoLC)928950507
=040  \\$aYUS$beng$cYUS$dOCLCO$dYUS$dOCLCO$dOCL$dYUS$dOCLCO$dUk$erda$epn
=043  \\$aa-ja---
=050  \4$aPL777.4$b.U4 2000
=245  00$6880-01$aUkiyo-zōshi shū :$bKōshoku haidokusan, Yahaku naishō kagami, Ukiyo oyaji katagi /$ckōchū yaku Hasegawa Tsuyoshi.
=264  \1$6880-02$aTōkyō :$bShōgakkan,$c2000.
=300  \\$a1 online resource.
=336  \\$atext$btxt$2rdacontent
=337  \\$acomputer$bc$2rdamedia
=338  \\$aonline resource$bcr$2rdacarrier
=490  1\$6880-03$aShinpen Nihon koten bungaku zenshū ;$v65
=504  \\$aIncludes bibliographical references (p. 589).
=505  0\$6880-04$aKōshoku haidokusan / Yashoku Jibun -- Yahaku naishō kagami / Ejima Kiseki -- Ukiyo oyaji katagi / Ejima Kiseki.
=588  \\$aDescription based on print version.
=648  \7$a1600-1868$2fast
=650  \0$aJapanese fiction$yEdo period, 1600-1868.
=650  \7$aJapanese fiction$xEdo period.$2fast$0(OCoLC)fst01710981
=700  1\$6880-05$aHasegawa, Tsuyoshi,$d1927-
=700  12$6880-06.$aYashoku, Jibun.$tKōshoku haidokusan.
=700  12$6880-07.$aEjima, Kiseki,$d1667-1736$tYahaku naishō kagami.
=700  12$6880-08.$aEjima, Kiseki,$d1667-1736$tUkiyo oyaji katagi.
=773  0\$tJapanKnowledge
=776  08$iPrint version:$tUkiyo-zōshi shū
=830  \0$6880-09$aShinpen Nihon koten bungaku zenshū$v65.
=856  40$3JapanKnowledge$uhttp://japanknowledge.com/lib/display/?lid=80110V00650001$yJapanKnowledge Lib
=880  00$6245-01/{dollar}1$a浮世草子集 :$b好色敗毒散, 野白內証鑑, 浮世親仁形気 /$c校注・訳長谷川强.
=880  \1$6264-02/{dollar}1$a東京 :$b小学館,$c2000.
=880  1\$6490-03/{dollar}1$a新編日本古典文学全集 ;$v65
=880  0\$6505-04/{dollar}1$a好色敗毒散 / 夜食時分 -- 野白內証鑑 / 江島其磧 -- 浮世親仁形気 / 江島其磧.
=880  1\$6700-05/{dollar}1$a長谷川强,$d1927-
=880  12$6700-06/{dollar}1$a夜食時分.$t好色敗毒散.
=880  12$6700-07/{dollar}1$a江島其磧,$d1667-1736.$t野白內証鑑.
=880  12$6700-08/{dollar}1$a江島其磧,$d1667-1736.$t浮世親仁形気.
=880  \0$6830-09/{dollar}1$a新編日本古典文学全集 ;$v65.
=859  \\$aORR$bJapanKnowledge
=CAT  \\$aW1704-1242$b00$c20170509$lBLL01$h0927
=CAT  \\$aBATCH-UPD$b00$c20170509$lBLL01$h0936
=CAT  \\$aBATCH-UPD$b00$c20170509$lBLL01$h0939
=CAT  \\$aW2003-0365$c20200305$lBLL01$h1101
=CAT  \\$aBATCH-UPD$b00$c20200918$lBLL01$h2045
=FIN  \\$aY$d20170509
=SID  \\$aZ30$bOCLC
=SRC  \\$aJapanKnowledge_2017$bJK_OCLC20170203.mrc
=LAS  \\$aBATCH-UPD$b00$c20200918$lBLL01$h2045

