=LDR  02729 am a22006857a 4500
=001  018338302
=003  Uk
=005  20170106043114.0
=006  m\\\\\o\\d\\\\\\\\
=007  cr\|||||||||||
=008  100626m19631964ja\\\\\\o\\\\\000\0\jpn\d
=FMT  \\$a  BK
=019  \\$a297436171
=020  \\$z4582800076
=020  \\$z4582800157
=020  \\$z4582800289
=020  \\$z9784582800074
=020  \\$z9784582800159
=020  \\$z9784582800289
=035  \\$a(OCoLC)644001435$z(OCoLC)297436171
=040  \\$aOCLCE$beng$cOCLCE$dCUS$dOCLCQ$dOCLCO$dYUS$dOCLCO$dYUS$dOCLCQ$dYUS$dOCLCO$dUk$epn
=041  1\$ajpn$hpli
=042  \\$adlr
=050  \4$aBL1416$b.M5419 1963
=084  \\$a183.95$2njb
=130  0\$aMilindapañhā.$lJapanese.
=245  00$6880-01$aMirinda-ō no toi :$bIndo to Girishia no taiketsu /$cNakamura Hajime, Hayashima Kyōshō yaku.
=250  \\$6880-02$aShohan.
=260  \\$6880-03$aTōkyō :$bHeibonsha,$c1963-1964.
=300  \\$a1 online resource (3 volumes).
=336  \\$atext$btxt$2rdacontent
=337  \\$acomputer$bc$2rdamedia
=338  \\$aonline resource$bcr$2rdacarrier
=490  1\$6880-04$aTōyō bunko ;$v7, 15, 28
=588  0\$aPrint version record.
=700  1\$6880-05$aNakamura, Hajime,$d1912-1999
=700  1\$6880-06$aHayashima, Kyōshō,$d1922-
=773  0\$tJapanKnowledge
=776  08$iPrint version:$tMirinda-ō no toi.$dTōkyō : Heibonsha, 1963-1964$z4582800076
=830  \0$6880-07$aTōyō bunko$v7, 15, 28.
=856  40$3JapanKnowledge Volume 1$uhttp://japanknowledge.com/lib/display/?lid=80010V0007P0003$yJapanKnowledge Lib
=856  40$3JapanKnowledge Volume 2$uhttp://japanknowledge.com/lib/display/?lid=80010V0015P0002$yJapanKnowledge Lib
=856  40$3JapanKnowledge Volume 3$uhttp://japanknowledge.com/lib/display/?lid=80010V0028P0002$yJapanKnowledge Lib
=880  00$6245-01/{dollar}1$aミリンダ王の問い :$bインドとギリシアの対決 /$c中村元, 早島鏡正訳.
=880  \\$6250-02/{dollar}1$a初版.
=880  \\$6260-03/{dollar}1$a東京 :$b平凡社,$c1963-1964.
=880  1\$6490-04/{dollar}1$a東洋文庫 ;$v7, 15, 28
=880  1\$6700-05/{dollar}1$a中村元,$d1912-1999.
=880  1\$6700-06/{dollar}1$a早島鏡正,$d1922-
=880  0\$6740-00/{dollar}1$aミリンダ王の問い.
=880  \0$6830-07/{dollar}1$a東洋文庫 ;$v7, 15, 28.
=859  \\$aORR$bJapanKnowledge
=CAT  \\$aW1704-1242$b00$c20170509$lBLL01$h0927
=CAT  \\$aBATCH-UPD$b00$c20170509$lBLL01$h0936
=CAT  \\$aBATCH-UPD$b00$c20170509$lBLL01$h0939
=CAT  \\$aW2003-0365$c20200305$lBLL01$h1101
=FIN  \\$aY$d20170509
=SID  \\$aZ30$bOCLC
=SRC  \\$aJapanKnowledge_2017$bJK_OCLC20170203.mrc
=LAS  \\$aW2003-0365$b00$c20200305$lBLL01$h1101

