=LDR  02097 am a22005654i 4500
=001  018338303
=003  Uk
=005  20170106043115.0
=006  m\\\\\o\\d\\\\\\\\
=007  cr\|||||||||||
=008  151112s1973\\\\ja\a\\\\ob\\\\000\0\jpn\c
=FMT  \\$a  BK
=020  \\$z4560050643
=020  \\$z9784560050644
=035  \\$a(OCoLC)928950193
=040  \\$aYUS$beng$cYUS$dOCLCO$dYUS$dOCLCO$dUk$erda$epn
=041  1\$ajpn$hfre
=050  \4$aML448$b.H616 1973
=100  1\$aHodeir, André,$d1921-2011,$eauthor.
=240  10$aFormes de la musique.$lJapanese
=245  10$6880-01$aOngaku no keishiki /$cAndore Odēru cho ; Yoshida Hidekazu yaku.
=264  \1$6880-02$aTōkyō :$bHakusuisha,$c1973
=300  \\$a1 online resource.
=336  \\$atext$btxt$2rdacontent
=337  \\$acomputer$bc$2rdamedia
=338  \\$aonline resource$bcr$2rdacarrier
=490  1\$6880-03$aBunko kuseju ;$v64
=500  \\$aTranslation of: Les formes de la musique.
=504  \\$aIncludes bibliographical references (page 173).
=588  \\$aDescription based on print version.
=650  \0$aMusical form.
=650  \7$aMusical form.$2fast$0(OCoLC)fst01030718
=700  1\$6880-04$aYoshida, Hidekazu,$d1913-2012
=773  0\$tJapanKnowledge
=776  08$iPrint version:$tOngaku no keishiki
=830  \0$6880-05$aBunko kuseju$v64.
=856  40$3JapanKnowledge$uhttp://japanknowledge.com/lib/display/?lid=8021000640000$yJapanKnowledge Lib
=880  10$6245-01/{dollar}1$a音楽の形式 /$cアンドレ・オデール著 ; 吉田秀和訳.
=880  \1$6264-02/{dollar}1$a東京 :$b白水社,$c1973
=880  1\$6490-03/{dollar}1$a文庫クセジュ ;$v64
=880  1\$6700-04/{dollar}1$a吉田秀和,$d1913-2012.
=880  \0$6830-05/{dollar}1$a文庫クセジュ ;$v64.
=859  \\$aORR$bJapanKnowledge
=CAT  \\$aW1704-1242$b00$c20170509$lBLL01$h0927
=CAT  \\$aBATCH-UPD$b00$c20170509$lBLL01$h0936
=CAT  \\$aW2003-0365$c20200305$lBLL01$h1101
=FIN  \\$aY$d20170509
=SID  \\$aZ30$bOCLC
=SRC  \\$aJapanKnowledge_2017$bJK_OCLC20170203.mrc
=LAS  \\$aW2003-0365$b00$c20200305$lBLL01$h1101

