=LDR  02228 am a22005534i 4500
=001  018338304
=003  Uk
=005  20170106043115.0
=006  m\\\\\o\\d\\\\\\\\
=007  cr\|||||||||||
=008  151113s2002\\\\ja\a\\\\od\\\\001\0\jpnrd
=FMT  \\$a  BK
=020  \\$z4095102535
=020  \\$z9784095102535
=035  \\$a(OCoLC)929030700
=040  \\$aYUS$beng$cYUS$dYUS$dOCLCO$dUk$erda$epn
=041  0\$ajpn$aeng
=245  00$6880-01$aPuroguresshibu Wa-Ei chūjiten =$bProgressive Japanese-English dictionary /$cKondō Ineko, Takano Fumi henshū shukan.
=246  31$aProgressive Japanese-English dictionary
=264  \1$6880-02$aTōkyō :$bShōgakkan,$c2002.
=300  \\$a1 online resource
=336  \\$atext$btxt$2rdacontent
=337  \\$acomputer$bc$2rdamedia
=338  \\$aonline resource$bcr$2rdacarrier
=500  \\$aIncludes index.
=588  \\$aDescription based on print version.
=650  \0$aEnglish language$vDictionaries$xJapanese.
=650  \0$aJapanese language$vDictionaries$xEnglish.
=650  \7$aEnglish language.$2fast$0(OCoLC)fst00910920
=650  \7$aJapanese language.$2fast$0(OCoLC)fst00981565
=655  \7$aDictionaries.$2fast$0(OCoLC)fst01423826
=700  1\$6880-03$aKondō, Ineko,$d1911-2008
=700  1\$6880-04$aTakano, Fumi,$d1914-
=773  0\$tJapanKnowledge
=776  08$iPrint version:$tShogakukan progressive Japanese-English dictionary.
=856  40$3JapanKnowledge$uhttp://japanknowledge.com/lib/search/basic/?cids=40030$yJapanKnowledge Lib
=880  00$6245-01/{dollar}1$aプログレッシブ和英中辞典 =$bProgressive Japanese-English dictionary /$c近藤いね子, 高野フミ編集主幹.
=880  \1$6264-02/{dollar}1$a東京 :$b小学館,$c2002.
=880  1\$6700-03/{dollar}1$a近藤いね子,$d1911-2008
=880  1\$6700-04/{dollar}1$a高野フミ,$d1914-
=859  \\$aORR$bJapanKnowledge
=CAT  \\$aW1704-1242$b00$c20170509$lBLL01$h0927
=CAT  \\$aBATCH-UPD$b00$c20170509$lBLL01$h0936
=CAT  \\$aBATCH-UPD$b00$c20170509$lBLL01$h0939
=CAT  \\$aW2003-0365$c20200305$lBLL01$h1101
=FIN  \\$aY$d20170509
=SID  \\$aZ30$bOCLC
=SRC  \\$aJapanKnowledge_2017$bJK_OCLC20170203.mrc
=LAS  \\$aW2003-0365$b00$c20200305$lBLL01$h1101

