=LDR  02446 am a22006014i 4500
=001  018338305
=003  Uk
=005  20170106043116.0
=006  m\\\\\o\\d\\\\\\\\
=007  cr\|||||||||||
=008  160115s1959\\\\ja\\\\\\o\\\\\000\0\jpn\d
=FMT  \\$a  BK
=020  \\$z4560052581
=020  \\$z9784560052587
=035  \\$a(OCoLC)934799102
=040  \\$aSTF$beng$cYUS$dOCLCO$dYUS$dOCLCO$dOCLCF$dOCLCO$dUk$erda$epn
=041  1\$ajpn$hfre
=050  \4$aPC2410$b.G8163 1959
=100  1\$aGuiraud, Pierre,$eauthor.
=240  10$aStylistique.$lJapanese
=245  10$6880-01$aBuntairon :$bkotoba no sutairu /$cPiēru Girō cho ; Satō Nobuo yaku.
=264  \1$6880-02$aTōkyō :$bHakusuisha,$c1959.
=300  \\$a1 online resource.
=336  \\$atext$btxt$2rdacontent
=337  \\$acomputer$bc$2rdamedia
=338  \\$aonline resource$bcr$2rdacarrier
=490  1\$6880-03$aBunko kuseju ;$v258
=500  \\$aTranslation of: La stylistique. Paris : Universitaires de France, 1957.
=588  \\$aDescription based on print version record.
=650  \0$aFrench language$xStyle.
=650  \0$aStyle, Literary.
=650  \7$aFrench language$xStyle.$2fast$0(OCoLC)fst00934630
=650  \7$aStyle, Literary.$2fast$0(OCoLC)fst01136323
=700  1\$6880-04,$aSatō, Nobuo,$d1932-$etranslator.
=730  0\$aStylistique.
=773  0\$tJapanKnowledge
=776  08$6880-05$iPrint version:$aGuiraud, Pierre.$sStylistique. Japanese.$tBuntairon.$dTōkyō : Hakusuisha, 1959
=830  \0$6880-06$aBunko kuseju$v258.
=856  40$3JapanKnowledge$uhttp://japanknowledge.com/lib/display/?lid=8021002580000$yJapanKnowledge Lib
=880  10$6245-01$a文体論 :$bことばのスタイル /$cピエール・ギロー著 ; 佐藤信夫訳.
=880  \1$6264-02$a東京 :$b白水社,$c1959.
=880  1\$6490-03$a文庫クセジュ ;$v258
=880  1\$6700-04$a佐藤信夫,$d1932-$etranslator.
=880  08$6776-05$iPrint version:$aGuiraud, Pierre.$sStylistique. Japanese.$t文体論.$d東京 : 白水社, 1959$w(OCoLC)33650257
=880  \0$6830-06$a文庫クセジュ ;$v258.
=859  \\$aORR$bJapanKnowledge
=CAT  \\$aW1704-1242$b00$c20170509$lBLL01$h0927
=CAT  \\$aBATCH-UPD$b00$c20170509$lBLL01$h0936
=CAT  \\$aW2003-0365$c20200305$lBLL01$h1101
=FIN  \\$aY$d20170509
=SID  \\$aZ30$bOCLC
=SRC  \\$aJapanKnowledge_2017$bJK_OCLC20170203.mrc
=LAS  \\$aW2003-0365$b00$c20200305$lBLL01$h1101

