=LDR  03178 am a22007457a 4500
=001  018338306
=003  Uk
=005  20170106043116.0
=006  m\\\\\o\\d\\\\\\\\
=007  cr\un|||||||||
=008  090107s1971\\\\ja\c\\\\ob\\\\000\0djpn\d
=FMT  \\$a  BK
=019  \\$a645388549
=020  \\$z4582801870
=020  \\$z9784582801873
=035  \\$a(OCoLC)297405664$z(OCoLC)645388549
=040  \\$aOCLCE$beng$cOCLCE$dOCLCQ$dCUS$dOCLCQ$dOCLCF$dOCLCO$dOCLCQ$dYUS$dOCLCO$dYUS$dOCLCO$dOCLCQ$dYUS$dOCLCO$dUk$epn
=042  \\$adlr
=043  \\$aa-ja---
=100  1\$6880-01$aKojima, Iken,$d1837-1908
=245  10$6880-02$aŌtsu jiken nisshi /$cKojima Iken ; Ienaga Saburō henchū.
=250  \\$6880-03$aShohan.
=260  \\$6880-04$aTōkyo :$bHeibonsha,$c1971$g(1989 printing)
=300  \\$a1 online resource (4, 276, 16 pages) :$bportrait.
=336  \\$atext$btxt$2rdacontent
=337  \\$acomputer$bc$2rdamedia
=338  \\$aonline resource$bcr$2rdacarrier
=490  1\$6880-05$aTōyō bunko ;$v187
=504  \\$aIncludes bibliographical references.
=588  0\$aPrint version record.
=600  00$aNicholas$bII,$cEmperor of Russia,$d1868-1918$xAssassination.
=600  07$aNicholas$bII,$cEmperor of Russia,$d1868-1918$2fast$0(OCoLC)fst00037563
=600  10$6880-06$aTsuda, Sanzō,$d1854-1891$xTrials, litigation, etc.
=600  17$aTsuda, Sanzō,$d1854-1891$2fast$0(OCoLC)fst00177993
=650  \0$aJudicial power$zJapan$xHistory.
=650  \0$aTrials (Assassination)$zJapan$zŌtsu-shi.
=650  \7$aAssassination.$2fast$0(OCoLC)fst00818962
=650  \7$aJudicial power.$2fast$0(OCoLC)fst00984696
=650  \7$aTrials (Assassination)$2fast$0(OCoLC)fst01156303
=651  \7$aJapan$zŌtsu-shi.$2fast$0(OCoLC)fst01207862
=651  \7$aJapan.$2fast$0(OCoLC)fst01204082
=655  \7$aHistory.$2fast$0(OCoLC)fst01411628
=655  \7$aTrials, litigation, etc.$2fast$0(OCoLC)fst01423712
=700  1\$6880-07$aIenaga, Saburō,$d1913-2002
=773  0\$tJapanKnowledge
=776  08$iPrint version:$aKojima, Iken, 1837-1908.$tŌtsu jiken nisshi.$bShohan.$dTōkyo : Heibonsha, 1971$z4582801870$z9784582801873
=830  \0$6880-08$aTōyō bunko$v187.
=856  40$3JapanKnowledge$uhttp://japanknowledge.com/lib/display/?lid=80010V0187P0002$yJapanKnowledge Lib
=880  1\$6100-01/{dollar}1$a児島惟謙,$d1837-1908.
=880  10$6245-02/{dollar}1$a大津事件日誌 /$c児島惟謙 ; 家永三郎編注.
=880  \\$6250-03/{dollar}1$a初版.
=880  \\$6260-04/{dollar}1$a東京 :$b平凡社,$c1971$g(1989 printing)
=880  1\$6490-05/{dollar}1$a東洋文庫 ;$v187
=880  14$6600-06/{dollar}1$a津田三蔵,$d1865-1891$xTrials, litigation, etc.
=880  1\$6700-07/{dollar}1$a家永三郎,$d1913-2002.
=880  \0$6830-08/{dollar}1$a東洋文庫 ;$v187.
=859  \\$aORR$bJapanKnowledge
=CAT  \\$aW1704-1242$b00$c20170509$lBLL01$h0927
=CAT  \\$aBATCH-UPD$b00$c20170509$lBLL01$h0936
=CAT  \\$aBATCH-UPD$b00$c20170509$lBLL01$h0939
=CAT  \\$aW2003-0365$c20200305$lBLL01$h1101
=FIN  \\$aY$d20170509
=SID  \\$aZ30$bOCLC
=SRC  \\$aJapanKnowledge_2017$bJK_OCLC20170203.mrc
=LAS  \\$aW2003-0365$b00$c20200305$lBLL01$h1101

