=LDR  03085 am a22007217i 4500
=001  018338307
=003  Uk
=005  20170106043117.0
=006  m\\\\\o\\d\\\\\\\\
=007  cr\|||||||||||
=008  100630s1972\\\\ja\acfh\ob\\\\000\1\jpn\d
=FMT  \\$a  BK
=020  \\$z4582802192
=020  \\$z9784582802191
=035  \\$a(OCoLC)645378106
=040  \\$aOCLCE$beng$cOCLCE$dCUS$dOCLCQ$dOCLCF$dYUS$dOCLCO$dYUS$dOCLCO$dOCLCQ$dYUS$dOCLCO$dUk$epn
=041  1\$ajpn$hchi
=042  \\$adlr
=050  \4$aPL2724.U2$bT816 1972
=084  \\$a923$2njb
=084  \\$a923.7$2njb
=084  \\$aNDL=KK340$2z
=084  \\$aNDL=KK482$2z
=100  1\$6880-01$aSu, Manshu,$d1884-1918
=245  10$6880-02$aDankō reiganki :$bSo Manshu, hito to sakuhin /$cIizuka Akira yaku.
=250  \\$6880-03$aShohan.
=260  \\$6880-04$aTōkyō :$bHeibonsha,$cShōwa 47 [1972]
=300  \\$a1 online resource (iii, 364 pages, [2] pages of plates) :$bfacsimile, portrait.
=336  \\$atext$btxt$2rdacontent
=337  \\$acomputer$bc$2rdamedia
=338  \\$aonline resource$bcr$2rdacarrier
=490  1\$6880-05$aTōyō bunko ;$v219
=504  \\$6880-06$aSo Manshu chosaku mokuroku: pages 346-354.
=505  0\$6880-07$aManshu shōsetsusen: Dankō reiganki, Kōshaki, Funkenki, Himuki--Manshu sen -- Iizuka Akira kaisetsu -- Furoku.
=588  0\$aPrint version record.
=600  10$6880-08$aSu, Manshu,$d1884-1918$vTranslations into Japanese.
=600  17$aSu, Manshu,$d1884-1918$2fast$0(OCoLC)fst00084952
=655  \7$aTranslations.$2fast$0(OCoLC)fst01423791
=700  1\$6880-09$aIizuka, Akira,$d1907-
=700  12$6880-10.$aSu, Manshu,$d1884-1918$tDuan hong ling yan ji.$lJapanese.
=773  0\$tJapanKnowledge
=776  08$iPrint version:$aSu, Manshu, 1884-1918.$tDankō reiganki.$dTōkyō, Heibonsha, Shōwa 47 (1972)
=830  \0$6880-11$aTōyō bunko$v219.
=856  40$3JapanKnowledge$uhttp://japanknowledge.com/lib/display/?lid=80010V0219P0002$yJapanKnowledge Lib
=880  1\$6100-01/{dollar}1$a蘇曼殊,$d1884-1918.
=880  10$6245-02/{dollar}1$a断鴻零雁記 :$b蘇曼殊・人と作品 /$c飯塚朗訳.
=880  \\$6250-03/{dollar}1$a初版.
=880  \\$6260-04/{dollar}1$a東京 :$b平凡社,$c昭和47 [1972]
=880  1\$6490-05/{dollar}1$a東洋文庫 ;$v219
=880  \\$6504-06/{dollar}1$a蘇曼殊著作目錄: pages 346-354.
=880  0\$6505-07/{dollar}1$a曼殊小說選: 断鴻零雁記・絳紗記・焚剣記・非夢記 -- 曼殊選 -- 飯塚朗解說 -- 附錄.
=880  14$6600-08/{dollar}1$a蘇曼殊,$d1884-1918$vTranslations into Japanese.
=880  1\$6700-09/{dollar}1$a飯塚朗,$d1907-
=880  12$6700-10/{dollar}1$a蘇曼殊,$d1884-1918.$t斷鴻零雁記.$lJapanese.
=880  \0$6830-11/{dollar}1$a東洋文庫 ;$v219.
=859  \\$aORR$bJapanKnowledge
=CAT  \\$aW1704-1242$b00$c20170509$lBLL01$h0927
=CAT  \\$aBATCH-UPD$b00$c20170509$lBLL01$h0936
=CAT  \\$aW2003-0365$c20200305$lBLL01$h1101
=FIN  \\$aY$d20170509
=SID  \\$aZ30$bOCLC
=SRC  \\$aJapanKnowledge_2017$bJK_OCLC20170203.mrc
=LAS  \\$aW2003-0365$b00$c20200305$lBLL01$h1101

