=LDR  02512 am a22006134i 4500
=001  018338308
=003  Uk
=005  20170106043117.0
=006  m\\\\\o\\d\\\\\\\\
=007  cr\|||||||||||
=008  160115s1998\\\\ja\\\\\gob\\\\000\0\jpn\d
=FMT  \\$a  BK
=020  \\$z4560057990
=020  \\$z9784560057995
=035  \\$a(OCoLC)934799030
=040  \\$aWTU$beng$cYUS$dOCLCO$dYUS$dOCLCO$dOCLCF$dUk$erda$epn
=041  1\$ajpn$hfre
=100  10$aAubert, François,$eauthor.
=240  10$aRadiologie et imagerie médicale.$lJapanese
=245  00$6880-01$aHōshasen igaku kara gazō igaku e /$cFuransowa Obēru, Jan Piēru Reshī cho ; Hosono Makoto, Hosono Mariko kyōyaku.
=264  \1$6880-02$aTōkyō :$bHakusuisha,$c1998.
=300  \\$a1 online resource.
=336  \\$atext$btxt$2rdacontent
=337  \\$acomputer$bc$2rdamedia
=338  \\$aonline resource$bcr$2rdacarrier
=490  1\$6880-03$aBunko kuseju ;$v799
=504  \\$aIncludes bibliographical references.
=588  \\$aDescription based on print version.
=650  \0$aImaging systems in medicine.
=650  \0$aMedical radiology.
=650  \7$aImaging systems in medicine.$2fast$0(OCoLC)fst00967628
=650  \7$aMedical radiology.$2fast$0(OCoLC)fst01088281
=700  1\$aLaissy, Jean-Pierre,$eauthor.
=700  1\$6880-04$aHosono, Makoto,$etranslator.
=700  1\$6880-05$aHosono, Mariko,$etranslator.
=700  1\$iTranslation of:$aAubert, François.$tRadiologie et imagerie médicale.
=773  0\$tJapanKnowledge
=776  08$iPrint version:$tHoshasen igaku kara gazo igaku e.
=830  \0$6880-06$aBunko kuseju$v799.
=856  40$3JapanKnowledge$uhttp://japanknowledge.com/lib/display/?lid=8021007990000$yJapanKnowledge Lib
=880  00$6245-01$a放射線医学から画像医学へ /$cフランソワ・オベール, ジャン=ピエール・レシー著 ; 細野眞, 細野真理子共訳.
=880  \1$6264-02$a東京 :$b白水社,$c1998.
=880  1\$6490-03$a文庫クセジュ ;$v799
=880  1\$6700-04$a細野眞,$etranslator.
=880  1\$6700-05$a細野真理子,$etranslator.
=880  \0$6830-06$a文庫クセジュ ;$v799.
=859  \\$aORR$bJapanKnowledge
=CAT  \\$aW1704-1242$b00$c20170509$lBLL01$h0927
=CAT  \\$aBATCH-UPD$b00$c20170509$lBLL01$h0936
=CAT  \\$aW2003-0365$c20200305$lBLL01$h1101
=FIN  \\$aY$d20170509
=SID  \\$aZ30$bOCLC
=SRC  \\$aJapanKnowledge_2017$bJK_OCLC20170203.mrc
=LAS  \\$aW2003-0365$b00$c20200305$lBLL01$h1101

