=LDR  02880 am a22006854i 4500
=001  018338309
=003  Uk
=005  20170106043117.0
=006  m\\\\\o\\d\\\\\\\\
=007  cr\|||||||||||
=008  151112s2000\\\\ja\a\\\\ob\\\\000\1\jpn\d
=FMT  \\$a  BK
=020  \\$z4096580171
=020  \\$z9784096580172
=035  \\$a(OCoLC)928950203
=040  \\$aYUS$beng$cYUS$dOCLCO$dYUS$dOCL$dYUS$dOCLCO$dUk$erda$epn
=043  \\$aa-ja---
=050  \4$aPL787$b.O25 2000
=245  00$6880-01$aOchikubo monogatari.$bTsutsumi Chūnagon monogatari /$ckōchū yaku Mitani Eiichi, Mitani Kuniaki, Inaga Keiji.
=246  3\$6880-02$aOchikubo monogatari. Tsutsumi Chūnagon monogatari
=264  \1$6880-03$aTōkyō :$bShogakkan,$c2000.
=300  \\$a1 online resource.
=336  \\$atext$btxt$2rdacontent
=337  \\$acomputer$bc$2rdamedia
=338  \\$aonline resource$bcr$2rdacarrier
=490  1\$6880-04$aShinpen Nihon koten bungaku zenshū ;$v17
=504  \\$aIncludes bibliographical references.
=588  \\$aDescription based on print version.
=648  \7$a794-1185$2fast
=650  \0$aJapanese fiction$yHeian period, 794-1185.
=650  \7$aJapanese fiction$xHeian period.$2fast$0(OCoLC)fst01711078
=700  1\$6880-05$aMitani, Eiichi,$d1911-2007
=700  1\$6880-06$aMitani, Kuniaki,$d1941-2007
=700  1\$6880-07$aInaga, Keiji,$d1928-2001
=730  02$6880-08$aTsutsumi Chūnagon monogatari
=773  0\$tJapanKnowledge
=776  08$iPrint version:$tOchikubo monogatari
=830  \0$6880-09$aShinpen Nihon koten bungaku zenshū$v17.
=856  40$3JapanKnowledge Volume 2$uhttp://japanknowledge.com/lib/display/?lid=80110V00170379$yJapanKnowledge Lib
=856  40$3JapanKnowledge Volume 1$uhttp://japanknowledge.com/lib/display/?lid=80110V00170009$yJapanKnowledge Lib
=880  00$6245-01/{dollar}1$a落窪物語.$b堤中納言物語 /$c校注・訳三谷栄一, 三谷邦明, 稲賀敬二.
=880  3\$6246-02/{dollar}1$a落窪物語. 堤中納言物語
=880  \1$6264-03/{dollar}1$a東京 :$b小学館,$c2000.
=880  1\$6490-04/{dollar}1$a新編日本古典文学全集 ;$v17
=880  1\$6700-05/{dollar}1$a三谷栄一,$d1911-2007.
=880  1\$6700-06/{dollar}1$a三谷邦明,$d1941-2007.
=880  1\$6700-07/{dollar}1$a稲賀敬二,$d1928-
=880  02$6730-08/{dollar}1$a堤中納言物語.
=880  \0$6830-09/{dollar}1$a新編日本古典文学全集 ;$v17.
=859  \\$aORR$bJapanKnowledge
=CAT  \\$aW1704-1242$b00$c20170509$lBLL01$h0927
=CAT  \\$aBATCH-UPD$b00$c20170509$lBLL01$h0936
=CAT  \\$aBATCH-UPD$b00$c20170509$lBLL01$h0939
=CAT  \\$aW2003-0365$c20200305$lBLL01$h1101
=CAT  \\$aBATCH-UPD$b00$c20200716$lBLL01$h2108
=CAT  \\$aBATCH-UPD$b00$c20200918$lBLL01$h2045
=FIN  \\$aY$d20170509
=SID  \\$aZ30$bOCLC
=SRC  \\$aJapanKnowledge_2017$bJK_OCLC20170203.mrc
=LAS  \\$aBATCH-UPD$b00$c20200918$lBLL01$h2045

