=LDR  02895 am a22006497a 4500
=001  018338310
=003  Uk
=005  20170106043117.0
=006  m\\\\\o\\d\\\\\\\\
=007  cr\unu---uuaua
=008  090131s1999\\\\ja\ab\\\ob\\\\000\0\jpn\d
=FMT  \\$a  BK
=035  \\$a(OCoLC)300775662
=040  \\$aOCLCE$beng$cOCLCE$dOCLCQ$dCUS$dOCLCQ$dOCLCA$dOCLCF$dOCLCO$dOCLCQ$dYUS$dOCLCO$dYUS$dOCLCQ$dYUS$dOCLCO$dUk$epn
=041  0\$ajpn$hfre
=043  \\$aa-cc-ti
=050  \4$aDS785$b.D27813 1999
=100  1\$aDavid-Néel, Alexandra,$d1868-1969.
=240  10$aVoyage d'une Parisienne à Lhassa.$lJapanese
=245  10$6880-01$aParijennu no Rasa ryokō /$cA. Daviddo=Nēru ; Nakatani Mari yaku.
=250  \\$6880-02$aShohan.
=260  \\$6880-03$aTōkyō :$bHeibonsha,$c1999.
=300  \\$a1 online resource (2 volumes) :$billustrations.
=336  \\$atext$btxt$2rdacontent
=337  \\$acomputer$bc$2rdamedia
=338  \\$aonline resource$bcr$2rdacarrier
=490  1\$6880-04$aTōyō Bunko ;$v654, 656
=504  \\$aList of A. David-Neel's works: v. 2, pages 1-5 (2nd group).
=588  0\$aPrint version record.
=600  10$aDavid-Néel, Alexandra,$d1868-1969$xTravel$zChina$zLhasa.
=600  17$aDavid-Néel, Alexandra,$d1868-1969$2fast$0(OCoLC)fst00012112
=650  \7$aTravel.$2fast$0(OCoLC)fst01155558
=651  \0$aLhasa (China)$xDescription and travel.
=651  \7$6880-05$aChibetto$xKiko annaiki.$2jlabsh
=651  \7$aChina$zLhasa.$2fast$0(OCoLC)fst01217357
=700  1\$6880-06$aNakatani, Mari,$d1947-
=773  0\$tJapanKnowledge
=776  08$iPrint version:$aDavid-Neel, Alexandra, 1868-1969.$sVoyage d'une Parisienne à Lhassa. Japanese.$tParijennu no Rasa ryokō.$bShohan.$dTōkyō : Heibonsha, 1999$z4582806546$z9784582806540
=830  \0$6880-07$aTōyō bunko$v654, 656.
=856  40$3JapanKnowledge Volume 1$uhttp://japanknowledge.com/lib/display/?lid=80010V0654P0002$yJapanKnowledge Lib
=856  40$3JapanKnowledge Volume 2$uhttp://japanknowledge.com/lib/display/?lid=80010V0656P0002$yJapanKnowledge Lib
=880  10$6245-01/{dollar}1$aパリジェンヌのラサ旅行 /$cA・ダヴィッド=ネ一ル ; 中谷真理訳.
=880  \\$6250-02/{dollar}1$a初版.
=880  \\$6260-03/{dollar}1$a東京 :$b平凡社,$c1999.
=880  1\$6490-04/{dollar}1$a東洋文庫 ;$v654, 656
=880  \7$6651-05/{dollar}1$aチベット$x紀行・案内記.$2jlabsh
=880  1\$6700-06/{dollar}1$a中谷真理,$d1947-
=880  \0$6830-07/{dollar}1$a東洋文庫 ;$v654, 656.
=859  \\$aORR$bJapanKnowledge
=CAT  \\$aW1704-1242$b00$c20170509$lBLL01$h0927
=CAT  \\$aBATCH-UPD$b00$c20170509$lBLL01$h0936
=CAT  \\$aBATCH-UPD$b00$c20170509$lBLL01$h0939
=CAT  \\$aW2003-0365$c20200305$lBLL01$h1101
=FIN  \\$aY$d20170509
=SID  \\$aZ30$bOCLC
=SRC  \\$aJapanKnowledge_2017$bJK_OCLC20170203.mrc
=LAS  \\$aW2003-0365$b00$c20200305$lBLL01$h1101

