=LDR  02141 am a22005657a 4500
=001  018338311
=003  Uk
=005  20170106043118.0
=006  m\\\\\o\\d\\\\\\\\
=007  cr\|||||||||||
=008  111008s1993\\\\ja\a\\\\ob\\\\000\0\jpn\d
=FMT  \\$a  BK
=019  \\$a301102218
=020  \\$z4582805663
=020  \\$z9784582805666
=035  \\$a(OCoLC)756292899$z(OCoLC)301102218
=040  \\$aOCLCE$beng$cOCLCE$dCUS$dOCLCO$dOCLCQ$dYUS$dOCLCO$dYUS$dOCLCO$dOCLCQ$dYUS$dOCLCO$dUk$epn
=041  1\$ajpn$hmon
=042  \\$adlr
=050  \4$aPL419.G4$bJ3 1993
=130  0\$aGesar (Mongolian version).$kSelections.$lJapanese.
=245  10$6880-01$aGeseru Hān monogatari :$bMongoru eiyū jojishi /$cWakamatsu Hiroshi yaku.
=250  \\$6880-02$aShohan.
=260  \\$6880-03$aTōkyō :$bHeibonsha,$c1993.
=300  \\$a1 online resource (429 pages) :$billustrations.
=336  \\$atext$btxt$2rdacontent
=337  \\$acomputer$bc$2rdamedia
=338  \\$aonline resource$bcr$2rdacarrier
=490  1\$6880-04$aTōyō bunko ;$v566
=504  \\$aIncludes bibliographical references.
=588  0\$aPrint version record.
=700  1\$6880-05$aWakamatsu, Hiroshi,$d1937-
=773  0\$tJapanKnowledge
=776  08$tGeseru Hān monogatari.$bShohan.$dTōkyō : Heibonsha, 1993$z4582805663
=830  \0$6880-06$aTōyō bunko$v566.
=856  40$3JapanKnowledge$uhttp://japanknowledge.com/lib/display/?lid=80010V0566P0002$yJapanKnowledge Lib
=880  10$6245-01/{dollar}1$aゲセル・ハーン物語 :$bモンゴル英雄叙事詩 /$c若松寬訳.
=880  \\$6250-02/{dollar}1$a初版.
=880  \\$6260-03/{dollar}1$a東京 :$b平凡社,$c1993.
=880  1\$6490-04/{dollar}1$a東洋文庫 ;$v566
=880  1\$6700-05/{dollar}1$a若松寬,$d1937-
=880  \0$6830-06/{dollar}1$a東洋文庫 ;$v566.
=859  \\$aORR$bJapanKnowledge
=CAT  \\$aW1704-1242$b00$c20170509$lBLL01$h0927
=CAT  \\$aBATCH-UPD$b00$c20170509$lBLL01$h0936
=CAT  \\$aW2003-0365$c20200305$lBLL01$h1101
=FIN  \\$aY$d20170509
=SID  \\$aZ30$bOCLC
=SRC  \\$aJapanKnowledge_2017$bJK_OCLC20170203.mrc
=LAS  \\$aW2003-0365$b00$c20200305$lBLL01$h1101

