=LDR  02461 am a22006014i 4500
=001  018338312
=003  Uk
=005  20170106043118.0
=006  m\\\\\o\\d\\\\\\\\
=007  cr\|||||||||||
=008  160115s1999\\\\ja\ag\\\ob\\\\001\0\jpn\d
=FMT  \\$a  BK
=020  \\$z4560058113
=020  \\$z9784560058114
=035  \\$a(OCoLC)934799169
=040  \\$aSTF$beng$cYUS$dOCLCO$dYUS$dOCLCO$dUk$erda$epn
=041  1\$ajpn$hfre
=050  \4$aML3082$b.V33163 1999
=100  10$aValois, Jean de,$eauthor.
=240  10$aChant Grégorien.$lJapanese
=245  10$6880-01$aGuregorio seika /$cJan do Varowa cho ; Mizushima Yoshio yaku.
=264  \1$6880-02$aTokyo :$bHakusuisha,$c1999.
=300  \\$a1 online resource.
=336  \\$atext$btxt$2rdacontent
=337  \\$acomputer$bc$2rdamedia
=338  \\$aonline resource$bcr$2rdacarrier
=490  1\$6880-03$aBunko kuseju ;$v811
=500  \\$aTranslation of: Le chant Grégorien. Paris : Presses universitaires de France, 1963.
=504  \\$aIncludes bibliographical references and index.
=588  \\$aDescription based on print version record.
=650  \0$aGregorian chants.
=650  \4$6880-04$aSanbika.
=650  \7$aGregorian chants.$2fast$0(OCoLC)fst00947816
=700  1\$6880-05$aMizushima, Yoshio,$d1930-$etranslator.
=773  0\$tJapanKnowledge
=776  08$6880-06$iPrint version:$aValois, Jean de.$sChant Grégorien. Japanese.$tGuregorio seika.$dTōkyō : Hakusuisha, 1999
=830  \0$6880-07$aBunko kuseju$v811.
=856  40$3JapanKnowledge$uhttp://japanknowledge.com/lib/display/?lid=8021008110000$yJapanKnowledge Lib
=880  10$6245-01$aグレゴリオ聖歌 /$cジャン · ド · ヴァロワ著 ; 水嶋良雄訳.
=880  \1$6264-02$a東京 :$b白水社,$c1999.
=880  1\$6490-03$a文庫クセジュ ;$v811
=880  \4$6650-04$a賛美歌.
=880  1\$6700-05$a水嶋良雄,$d1930-$etranslator.
=880  08$6776-06$iPrint version:$aValois, Jean de.$sChant Grégorien. Japanese.$tグレゴリオ聖歌.$d東京 : 白水社, 1999$w(OCoLC)122835783
=880  \0$6830-07$a文庫クセジュ ;$v811.
=859  \\$aORR$bJapanKnowledge
=CAT  \\$aW1704-1242$b00$c20170509$lBLL01$h0927
=CAT  \\$aBATCH-UPD$b00$c20170509$lBLL01$h0936
=CAT  \\$aW2003-0365$c20200305$lBLL01$h1101
=FIN  \\$aY$d20170509
=SID  \\$aZ30$bOCLC
=SRC  \\$aJapanKnowledge_2017$bJK_OCLC20170203.mrc
=LAS  \\$aW2003-0365$b00$c20200305$lBLL01$h1101

