=LDR  02980 am a22007217a 4500
=001  018338313
=003  Uk
=005  20190114180625.0
=006  m\\\\\o\\d\\\\\\\\
=007  cr\|||||||||||
=008  100315s1977\\\\ja\a\\\\ob\\\\001\0\jpn\d
=FMT  \\$a  BK
=019  \\$a647820086
=035  \\$a(OCoLC)556242550$z(OCoLC)647820086
=040  \\$aOCLCE$beng$cOCLCE$dOCLCQ$dCUS$dOCLCQ$dOCLCO$dOCLCF$dYUS$dOCLCO$dYUS$dOCLCO$dOCLCQ$dYUS$dOCLCO$dUk$epn
=041  1\$ajpn$hger
=042  \\$adlr
=043  \\$aa-ja---
=050  \4$aDS808$b.K13916
=100  1\$aKaempfer, Engelbert,$d1651-1716.
=240  10$aGeschichte und Beschreibung von Japan.$nv. 2 ch. 5.$kSelections.$lJapanese
=245  10$6880-01$aEdo sanpu ryokō nikki /$cKenperu [cho] ; Saitō Makoto yaku.
=250  \\$6880-02$aShohan.
=260  \\$6880-03$aTōkyō :$bHeibonsha,$c1977.
=300  \\$a1 online resource (iv, 371, 12 pages) :$billustrations.
=336  \\$atext$btxt$2rdacontent
=337  \\$acomputer$bc$2rdamedia
=338  \\$aonline resource$bcr$2rdacarrier
=490  1\$6880-04$aTōyō bunko ;$v303
=500  \\$aIncludes index.
=504  \\$6880-05$a"Kenperu no hōyakubon": pages 369-370.
=504  \\$aIncludes bibliographical references and indexes.
=588  0\$aPrint version record.
=600  10$aKaempfer, Engelbert,$d1651-1716.
=650  \7$aTravel.$2fast$0(OCoLC)fst01155558
=651  \0$aJapan$xDescription and travel$vEarly works to 1800.
=651  \0$aJapan$xDescription and travel.
=651  \7$aJapan.$2fast$0(OCoLC)fst01204082
=655  \7$aEarly works.$2fast$0(OCoLC)fst01411636
=700  1\$6880-06$aSaitō, Makoto,$d1911-2008
=773  0\$tJapanKnowledge
=776  08$iPrint version:$aKaempfer, Engelbert,$sGeschichte und Beschreibung von Japan. v. 2 ch. 5. Japanese. Selections.$tEdo sanpu ryokō nikki.$bShohan.$d1651-1716.$dTōkyō : Heibonsha, 1977
=830  \0$6880-07$aTōyō bunko$v303.
=856  40$3JapanKnowledge$uhttp://japanknowledge.com/lib/display/?lid=80010V0303P0002$yJapanKnowledge Lib
=880  10$6245-01/{dollar}1$a江戶参府旅行日記 /$cケンペル[著] ; 斎藤信訳.
=880  \\$6250-02/{dollar}1$a初版.
=880  \\$6260-03/{dollar}1$a東京 :$b平凡社,$c1977.
=880  1\$6490-04/{dollar}1$a東洋文庫 ;$v303
=880  \\$6504-05/{dollar}1$a"ケンペルの邦訳本": pages 369-370.
=880  1\$6700-06/{dollar}1$a斎藤信,$d1911-2008.
=880  \0$6830-07/{dollar}1$a東洋文庫 ;$v303.
=859  \\$aORR$bJapanKnowledge
=CAT  \\$aW1704-1242$b00$c20170509$lBLL01$h0927
=CAT  \\$aBATCH-UPD$b00$c20170509$lBLL01$h0936
=CAT  \\$a4039$b40$c20190114$lBLL01$h1753
=CAT  \\$a4039$b40$c20190114$lBLL01$h1754
=CAT  \\$a4039$b40$c20190114$lBLL01$h1804
=CAT  \\$a4039$b40$c20190114$lBLL01$h1806
=CAT  \\$aW2003-0365$c20200305$lBLL01$h1101
=FIN  \\$aY$d20170509
=SID  \\$aZ30$bOCLC
=SRC  \\$aJapanKnowledge_2017$bJK_OCLC20170203.mrc
=LAS  \\$aW2003-0365$b00$c20200305$lBLL01$h1101

