=LDR  02145 am a22005417i 4500
=001  018338314
=003  Uk
=005  20170106043119.0
=006  m\\\\\o\\d\\\\\\\\
=007  cr\|||||||||||
=008  100626s1982\\\\ja\\\\\\o\\\\\000\0\jpn\d
=FMT  \\$a  BK
=019  \\$a297809427
=035  \\$a(OCoLC)644145554$z(OCoLC)297809427
=040  \\$aOCLCE$beng$cOCLCE$dCUS$dOCLCQ$dYUS$dOCLCO$dYUS$dOCLCO$dOCLCQ$dYUS$dOCLCO$dUk$epn
=041  1\$ajpn$hchi
=042  \\$adlr
=245  00$6880-01$aDaiunga hattenshi :$bchōkō kara kōga e /$cHoshi Ayao.
=260  \\$6880-02$aTōkyō :$bHeibonsha,$c1982.
=300  \\$a1 online resource (408, 8 pages).
=336  \\$atext$btxt$2rdacontent
=337  \\$acomputer$bc$2rdamedia
=338  \\$aonline resource$bcr$2rdacarrier
=490  1\$6880-03$aTōyō bunko ;$v410
=505  0\$aGenshi kan 93 (Shokka 1, kaiun), kan 97 (Shokka 5, kaiun) -- Minshi kan 79 (Shokka 3, sōun), kan 86 (Kakyo 4, kaiun) -- Shinshi kō kan 128 (Shokka 3, sōun).
=588  0\$aPrint version record.
=653  \\$6880-04$aUnga$aChūgoku$aRekishi.
=653  \\$6880-05$aSōun$aRekishi.
=700  1\$6880-06$aHoshi, Ayao.
=773  0\$tJapanKnowledge
=776  08$iPrint version:$tDaiunga hattenshi.$dTōkyō : Heibonsha, 1982
=830  \0$6880-07$aTōyō bunko$v410.
=856  40$3JapanKnowledge$uhttp://japanknowledge.com/lib/display/?lid=80010V0410P0002$yJapanKnowledge Lib
=880  00$6245-01/{dollar}1$a大運河発展史 :$b長江から黄河へ /$c星斌夫訳注.
=880  \\$6260-02/{dollar}1$a東京 :$b平凡社,$c1982.
=880  1\$6490-03/{dollar}1$a東洋文庫 ;$v410
=880  \\$6653-04/{dollar}1$a運河$a中国$a歴史.
=880  \\$6653-05/{dollar}1$a漕運$a歴史.
=880  1\$6700-06/{dollar}1$a星斌夫.
=880  \0$6830-07/{dollar}1$a東洋文庫 ;$v410.
=859  \\$aORR$bJapanKnowledge
=CAT  \\$aW1704-1242$b00$c20170509$lBLL01$h0927
=CAT  \\$aBATCH-UPD$b00$c20170509$lBLL01$h0936
=CAT  \\$aW2003-0365$c20200305$lBLL01$h1101
=FIN  \\$aY$d20170509
=SID  \\$aZ30$bOCLC
=SRC  \\$aJapanKnowledge_2017$bJK_OCLC20170203.mrc
=LAS  \\$aW2003-0365$b00$c20200305$lBLL01$h1101

