=LDR  03017 am a22007337a 4500
=001  018338315
=003  Uk
=005  20170106043119.0
=006  m\\\\\o\\d\\\\\\\\
=007  cr\|||||||||||
=008  100324m19871988ja\a\\\\o\\\\\000\1\jpn\d
=FMT  \\$a  BK
=019  \\$a301380800
=020  \\$z4582804683$q(v. 1)
=020  \\$z4582804861$q(v. 2)
=020  \\$z9784582804683$q(v. 1)
=020  \\$z9784582804867$q(v. 2)
=035  \\$a(OCoLC)567981407$z(OCoLC)301380800
=040  \\$aOCLCE$beng$cOCLCE$dOCLCQ$dCUS$dOCLCQ$dOCLCO$dOCLCF$dYUS$dOCLCO$dYUS$dOCLCO$dOCLCQ$dYUS$dOCLCO$dUk$epn
=042  \\$adlr
=050  \4$aPL790$b.S6 1987
=130  0\$6880-01$aSoga monogatari.
=245  10$6880-02$aManabon Soga monogatari /$cAoki Akira, Ikeda Keiko, Kitagawa Tadahiko hoka hen.
=250  \\$6880-03$aShohan.
=260  \\$6880-04$aTōkyō :$bHeibonsha,$c1987-1988.
=300  \\$a1 online resource (2 volumes) :$billustrations.
=336  \\$atext$btxt$2rdacontent
=337  \\$acomputer$bc$2rdamedia
=338  \\$aonline resource$bcr$2rdacarrier
=490  1\$6880-05$aTōyō bunko ;$v468, 486
=588  0\$aPrint version record.
=600  10$6880-06$aSoga, Sukenari,$d1172-1193$vFiction.
=600  10$6880-07$aSoga, Tokimune,$d1174-1193$vFiction.
=600  17$aSoga, Sukenari,$d1172-1193$2fast$0(OCoLC)fst00089764
=600  17$aSoga, Tokimune,$d1174-1193$2fast$0(OCoLC)fst00089763
=655  \7$aFiction.$2fast$0(OCoLC)fst01423787
=700  1\$6880-08$aAoki, Akira,$d1935-
=700  1\$6880-09$aIkeda, Keiko,$d1948-
=700  1\$6880-10$aKitagawa, Tadahiko.
=773  0\$tJapanKnowledge
=776  08$iPrint version:$aSoga monogatari.$tManabon Soga monogatari.$bShohan.$dTōkyō : Heibonsha, 1987-
=830  \0$6880-11$aTōyō bunko$v468, 486.
=856  40$3JapanKnowledge Volume 1$uhttp://japanknowledge.com/lib/display/?lid=80010V0468P0002$yJapanKnowledge Lib
=856  40$3JapanKnowledge Volume 2$uhttp://japanknowledge.com/lib/display/?lid=80010V0486P0002$yJapanKnowledge Lib
=880  0\$6130-01/{dollar}1$a曾我物語.
=880  10$6245-02/{dollar}1$a真名本曾我物語 /$c青木晃, 池田敬子, 北川忠彦他編.
=880  \\$6250-03/{dollar}1$a初版.
=880  \\$6260-04/{dollar}1$a東京 :$b平凡社,$c1987-1988.
=880  1\$6490-05/{dollar}1$a東洋文庫 ;$v468, 486
=880  14$6600-06/{dollar}1$a曾我祐成,$d1172-1193$vFiction.
=880  14$6600-07/{dollar}1$a曾我時致,$d1174-1193$vFiction.
=880  1\$6700-08/{dollar}1$a青木晃,$d1935-
=880  1\$6700-09/{dollar}1$a池田敬子,$d1948-
=880  1\$6700-10/{dollar}1$a北川忠彦.
=880  \0$6830-11/{dollar}1$a東洋文庫 ;$v468, 486.
=859  \\$aORR$bJapanKnowledge
=CAT  \\$aW1704-1242$b00$c20170509$lBLL01$h0927
=CAT  \\$aBATCH-UPD$b00$c20170509$lBLL01$h0936
=CAT  \\$aBATCH-UPD$b00$c20170509$lBLL01$h0939
=CAT  \\$aW2003-0365$c20200305$lBLL01$h1101
=FIN  \\$aY$d20170509
=SID  \\$aZ30$bOCLC
=SRC  \\$aJapanKnowledge_2017$bJK_OCLC20170203.mrc
=LAS  \\$aW2003-0365$b00$c20200305$lBLL01$h1101

