=LDR  02505 am a22006137i 4500
=001  018338316
=003  Uk
=005  20170106043119.0
=006  m\\\\\o\\d\\\\\\\\
=007  cr\|||||||||||
=008  100608s1965\\\\ja\a\\\\o\\\\\000\0\jpn\d
=FMT  \\$a  BK
=019  \\$a300974507$a679040963
=020  \\$z4582800378
=020  \\$z9784582800371
=035  \\$a(OCoLC)639406083$z(OCoLC)300974507$z(OCoLC)679040963
=040  \\$aOCLCE$beng$cOCLCE$dOCLCQ$dOCLCO$dOCLCQ$dCUS$dOCLCF$dYUS$dOCLCO$dYUS$dOCLCO$dEYM$dOCLCQ$dYUS$dOCLCO$dUk$epn
=042  \\$adlr
=050  \4$aBQ998.O46$bA33 1965
=084  \\$a188.62$2njb
=100  1\$6880-01$aYokoi, Kinkoku,$d1761-1832?
=245  10$6880-02$aKinkoku Shōnin gyōjōki :$baru kisō no hansei /$cYokoi Kinkoku cho ; Fujimori Seikichi yaku.
=250  \\$6880-03$aShohan.
=260  \\$6880-04$aTōkyō :$bHeibonsha,$cShōwa 40 [1965]
=300  \\$a1 online resource (248 pages) :$billustrations.
=336  \\$atext$btxt$2rdacontent
=337  \\$acomputer$bc$2rdamedia
=338  \\$aonline resource$bcr$2rdacarrier
=490  1\$6880-05$aTōyō bunko ;$v37
=588  0\$aPrint version record.
=600  10$6880-06$aYokoi, Kinkoku,$d1761-1832?
=600  17$aYokoi, Kinkoku,$d1761-1832?$2fast$0(OCoLC)fst00190091
=700  1\$6880-07$aFujimori, Seikichi,$d1892-1977
=773  0\$tJapanKnowledge
=776  08$iPrint version:$aYokoi, Kinkoku, 1761-1832?.$tKinkoku Shōnin gyōjōki.$bShohan.$dcontains non-latin script
=830  \0$6880-08$aTōyō bunko$v37.
=856  40$3JapanKnowledge$uhttp://japanknowledge.com/lib/display/?lid=80010V0037P0002$yJapanKnowledge Lib
=880  1\$6100-01/{dollar}1$a横井金谷,$d1761-1832?
=880  10$6245-02/{dollar}1$a金谷上人行状記 :$bある奇僧の半生 /$c横井金谷著 ; 藤森成吉訳.
=880  \\$6250-03/{dollar}1$a初版.
=880  \\$6260-04/{dollar}1$a東京 :$b平凡社,$c昭和40 [1965]
=880  1\$6490-05/{dollar}1$a東洋文庫 ;$v37
=880  14$6600-06/{dollar}1$a横井金谷,$d1761-1832.
=880  1\$6700-07/{dollar}1$a藤森成吉,$d1892-1977.
=880  \0$6830-08/{dollar}1$a東洋文庫 ;$v37.
=859  \\$aORR$bJapanKnowledge
=CAT  \\$aW1704-1242$b00$c20170509$lBLL01$h0927
=CAT  \\$aBATCH-UPD$b00$c20170509$lBLL01$h0936
=CAT  \\$aBATCH-UPD$b00$c20170509$lBLL01$h0939
=CAT  \\$aW2003-0365$c20200305$lBLL01$h1101
=FIN  \\$aY$d20170509
=SID  \\$aZ30$bOCLC
=SRC  \\$aJapanKnowledge_2017$bJK_OCLC20170203.mrc
=LAS  \\$aW2003-0365$b00$c20200305$lBLL01$h1101

