=LDR  02189 am a22005654i 4500
=001  018338317
=003  Uk
=005  20170106043120.0
=006  m\\\\\o\\d\\\\\\\\
=007  cr\|||||||||||
=008  151113s2008\\\\ja\\\\\\o\\\\\000\0\jpn\d
=FMT  \\$a  BK
=020  \\$z4560509271
=020  \\$z9784560509272
=035  \\$a(OCoLC)929031397
=040  \\$aCNEAL$beng$cYUS$dOCLCO$dYUS$dOCLCO$dOCLCF$dUk$erda$epn
=050  \4$aB3998$b.M674165 2008
=100  1\$aMoreau, Pierre-François,$d1948-$eauthor.
=240  10$aSpinoza et le spinozisme.$lJapanese
=245  10$6880-01$aSupinoza nyūmon /$cPieru-Furansowa Morō ; Matsuda Katsunori, Higuchi Yoshirō.
=264  \1$6880-02$aTōkyō :$bHakusuisha,$c2008.
=300  \\$a1 online resource.
=336  \\$atext$btxt$2rdacontent
=337  \\$acomputer$bc$2rdamedia
=338  \\$aonline resource$bcr$2rdacarrier
=490  1\$6880-03$aBunko kuseju ;$v927
=500  \\$aTranslation of: Spinoza et le spinozisme.
=588  \\$aDescription based on print version.
=600  10$aSpinoza, Benedictus de,$d1632-1677.
=600  17$aSpinoza, Benedictus de,$d1632-1677$2fast$0(OCoLC)fst00031382
=700  1\$6880-04$aMatsuda, Katsunori.
=700  1\$6880-05$aHiguchi, Yoshirō.
=773  0\$tJapanKnowledge
=776  08$iPrint version:$tSupinoza nyūmon
=830  \0$6880-06$aBunko kuseju$v927.
=856  40$3JapanKnowledge$uhttp://japanknowledge.com/lib/display/?lid=8021009270000$yJapanKnowledge Lib
=880  10$6245-01/{dollar}1$aスピノザ入門 /$cピエール=フランソワ・モロー著 ; 松田克進 ; 樋口善郎訳.
=880  \1$6264-02/{dollar}1$a東京 :$b白水社,$c2008.
=880  1\$6490-03/{dollar}1$a文庫クセジュ ;$v927
=880  1\$6700-04/{dollar}1$a松田克進.
=880  1\$6700-05/{dollar}1$a樋口善郎.
=880  \0$6830-06/{dollar}1$a文庫クセジュ ;$v927.
=859  \\$aORR$bJapanKnowledge
=CAT  \\$aW1704-1242$b00$c20170509$lBLL01$h0927
=CAT  \\$aBATCH-UPD$b00$c20170509$lBLL01$h0936
=CAT  \\$aW2003-0365$c20200305$lBLL01$h1101
=FIN  \\$aY$d20170509
=SID  \\$aZ30$bOCLC
=SRC  \\$aJapanKnowledge_2017$bJK_OCLC20170203.mrc
=LAS  \\$aW2003-0365$b00$c20200305$lBLL01$h1101

