=LDR  02734 am a22006497i 4500
=001  018338318
=003  Uk
=005  20170106043120.0
=006  m\\\\\o\\d\\\\\\\\
=007  cr\|||||||||||
=008  100418s1979\\\\ja\a\\\\ob\\\\000\0\jpn\d
=FMT  \\$a  BK
=019  \\$a298042683
=035  \\$a(OCoLC)607915770$z(OCoLC)298042683
=040  \\$aOCLCE$beng$cOCLCE$dOCLCQ$dCUS$dOCLCQ$dOCLCF$dYUS$dOCLCO$dYUS$dOCLCO$dOCLCQ$dYUS$dOCLCO$dUk$epn
=042  \\$adlr
=050  \4$aAC145$b.T75 v.347-348
=100  1\$6880-01$aDeguchi, Nao,$d1836-1918
=245  10$6880-02$aŌmoto shin'yu /$cDeguchi Nao ; Murakami Shigeyoshi kōchū.
=250  \\$6880-03$aShohan.
=260  \\$6880-04$aTōkyō :$bHeibonsha,$c1979.
=300  \\$a1 online resource (2 volumes) :$billustrations.
=336  \\$atext$btxt$2rdacontent
=337  \\$acomputer$bc$2rdamedia
=338  \\$aonline resource$bcr$2rdacarrier
=490  1\$6880-05$aTōyō bunko ;$v347-348
=504  \\$aIncludes bibliographical references (v. 1, pages 176-177).
=505  0\$6880-06$a[1] Ten no maki -- [2] Hi no maki.
=588  0\$aPrint version record.
=610  20$6880-07$aŌmoto (Religious organization)
=610  27$aŌmoto (Religious organization)$2fast$0(OCoLC)fst00579970
=700  1\$6880-08$aDeguchi, Onisaburō,$d1871-1948
=700  1\$6880-09$aMurakami, Shigeyoshi,$d1928-1991
=773  0\$tJapanKnowledge
=776  08$iPrint version:$aDeguchi, Nao, 1836-1918.$tŌmoto shin'yu.$dTōkyō : Heibonsha, 1979
=830  \0$6880-10$aTōyō bunko$v347-348.
=856  40$3JapanKnowledge Volume 1$uhttp://japanknowledge.com/lib/display/?lid=80010V0347P0002$yJapanKnowledge Lib
=856  40$3JapanKnowledge Volume 2$uhttp://japanknowledge.com/lib/display/?lid=80010V0348P0002$yJapanKnowledge Lib
=880  1\$6100-01/{dollar}1$a出口ナオ,$d1836-1918.
=880  10$6245-02/{dollar}1$a大本神諭 /$c出口ナオ ; 村上重良校注.
=880  \\$6250-03/{dollar}1$a初版.
=880  \\$6260-04/{dollar}1$a東京 :$b平凡社,$c1979.
=880  1\$6490-05/{dollar}1$a東洋文庫 ;$v347-348
=880  0\$6505-06/{dollar}1$a[1] 天の卷 -- [2] 火の卷.
=880  24$6610-07/{dollar}1$a大本 (Religious organization)
=880  1\$6700-08/{dollar}1$a出口王仁三郎,$d1871-1948.
=880  1\$6700-09/{dollar}1$a村上重良,$d1928-
=880  \0$6830-10/{dollar}1$a東洋文庫 ;$v347-348.
=859  \\$aORR$bJapanKnowledge
=CAT  \\$aW1704-1242$b00$c20170509$lBLL01$h0927
=CAT  \\$aBATCH-UPD$b00$c20170509$lBLL01$h0936
=CAT  \\$aBATCH-UPD$b00$c20170509$lBLL01$h0939
=CAT  \\$aW2003-0365$c20200305$lBLL01$h1101
=FIN  \\$aY$d20170509
=SID  \\$aZ30$bOCLC
=SRC  \\$aJapanKnowledge_2017$bJK_OCLC20170203.mrc
=LAS  \\$aW2003-0365$b00$c20200305$lBLL01$h1101

