=LDR  02263 am a22006134i 4500
=001  018338319
=003  Uk
=005  20170106043120.0
=006  m\\\\\o\\d\\\\\\\\
=007  cr\|||||||||||
=008  151214s1992\\\\ja\\\\\\\b\\\\000\0\jpn\d
=FMT  \\$a  BK
=020  \\$z4560057354
=020  \\$z9784560057353
=035  \\$a(OCoLC)932129310
=040  \\$aYUS$beng$cYUS$dOCLCO$dUk$erda$epn
=041  1\$ajpn$hfre
=043  \\$ae-sp---$ae-fr---
=050  \4$aDP302.B46
=100  10$aAllières, Jacques,$eauthor.
=240  10$aBasques.$lJapanese
=245  10$6880-01$aBasukujin =$bLes Basques /$cJakku Ariēru ; Hagio Shō yaku.
=246  31$aBasques
=264  \1$6880-02$aTōkyō :$bHakusuisha,$c1992.
=300  \\$a1 online resource.
=336  \\$atext$btxt$2rdacontent
=337  \\$acomputer$bc$2rdamedia
=338  \\$aonline resource$bcr$2rdacarrier
=490  1\$6880-03$aBunko kuseju ;$v735
=500  \\$aTranslation of: Les Basques ; in series Que sais-je? vol. 1668 ; Paris: Presses Universitaires de France, 1977.
=504  \\$aIncludes bibliographical references (pages i-xii).
=588  \\$aDescription based on print version.
=650  \0$aBasques.
=650  \7$aBasques.$2fast$0(OCoLC)fst00828378
=651  \0$aPaís Vasco (Spain)
=651  \7$aSpain$zPaís Vasco.$2fast$0(OCoLC)fst01228625
=700  1\$6880-04$aHagio, Shō,$d1962-
=773  0\$tJapanKnowledge
=776  08$iPrint version:$tBasukujin.
=830  \0$6880-05$aBunko kuseju$v735.
=856  40$3JapanKnowledge$uhttp://japanknowledge.com/lib/display/?lid=8021007350000$yJapanKnowledge Lib
=880  10$6245-01/{dollar}1$aバスク人 =$bLes Basques /$cジャック・アリエール ; 萩尾生訳.
=880  \1$6264-02/{dollar}1$a東京 :$b白水社,$c1992.
=880  1\$6490-03/{dollar}1$a文庫クセジュ ;$v735
=880  1\$6700-04/{dollar}1$a萩尾生,$d1962-
=880  \0$6830-05/{dollar}1$a文庫クセジュ ;$v735.
=859  \\$aORR$bJapanKnowledge
=CAT  \\$aW1704-1242$b00$c20170509$lBLL01$h0927
=CAT  \\$aBATCH-UPD$b00$c20170509$lBLL01$h0936
=CAT  \\$aW2003-0365$c20200305$lBLL01$h1101
=FIN  \\$aY$d20170509
=SID  \\$aZ30$bOCLC
=SRC  \\$aJapanKnowledge_2017$bJK_OCLC20170203.mrc
=LAS  \\$aW2003-0365$b00$c20200305$lBLL01$h1101

