=LDR  02166 am a22005654i 4500
=001  018338320
=003  Uk
=005  20170106043121.0
=006  m\\\\\o\\d\\\\\\\\
=007  cr\|||||||||||
=008  160115s1993\\\\ja\\\\\gob\\\\000\0\jpnod
=FMT  \\$a  BK
=020  \\$z4560057451
=020  \\$z9784560057452
=035  \\$a(OCoLC)934799014
=040  \\$aWTU$beng$cYUS$dOCLCO$dYUS$dOCLCO$dOCLCF$dUk$erda$epn
=041  1\$ajpn$hfre
=100  1\$aChouraqui, André,$d1917-2007,$eauthor.
=240  10$aHistoire du judaïsme.$lJapanese
=245  00$6880-01$aYudayakyō no rekishi /$cAndore Shuraki cho ; Masuda Haruko yaku.
=264  \1$6880-02$aTōkyō :$bHakusuisha,$c1993.
=300  \\$a1 online resource.
=336  \\$atext$btxt$2rdacontent
=337  \\$acomputer$bc$2rdamedia
=338  \\$aonline resource$bcr$2rdacarrier
=490  1\$6880-03$aBunko kuseju ;$v745
=504  \\$aIncludes bibliographical references.
=588  \\$aDescription based on print version.
=650  \0$aJudaism$xHistory.
=650  \7$aJudaism.$2fast$0(OCoLC)fst00984280
=655  \7$aHistory.$2fast$0(OCoLC)fst01411628
=700  1\$6880-04,$aMasuda, Haruko,$d1926-$etranslator.
=700  1\$iTranslation of:$aChouraqui, André,$d1917-2007.$tHistoire du judaïsme.
=773  0\$tJapanKnowledge
=776  08$iPrint version:$tYudayakyō no rekishi.
=830  \0$6880-05$aBunko kuseju$v745.
=856  40$3JapanKnowledge$uhttp://japanknowledge.com/lib/display/?lid=8021007450000$yJapanKnowledge Lib
=880  00$6245-01$aユダヤ教の歴史 /$cアンドレ・シュラキ著 ; 増田治子訳.
=880  \1$6264-02$a東京 :$b白水社,$c1993.
=880  1\$6490-03$a文庫クセジュ ;$v745
=880  1\$6700-04$a増田, 治子,$d1926-$etranslator.
=880  \0$6830-05$a文庫クセジュ ;$v745.
=859  \\$aORR$bJapanKnowledge
=CAT  \\$aW1704-1242$b00$c20170509$lBLL01$h0927
=CAT  \\$aBATCH-UPD$b00$c20170509$lBLL01$h0936
=CAT  \\$aW2003-0365$c20200305$lBLL01$h1101
=FIN  \\$aY$d20170509
=SID  \\$aZ30$bOCLC
=SRC  \\$aJapanKnowledge_2017$bJK_OCLC20170203.mrc
=LAS  \\$aW2003-0365$b00$c20200305$lBLL01$h1101

