=LDR  02307 am a22006134i 4500
=001  018338321
=003  Uk
=005  20170106043121.0
=006  m\\\\\o\\d\\\\\\\\
=007  cr\|||||||||||
=008  151113s1981\\\\ja\\\\\\o\\\\\000\0\jpn\d
=FMT  \\$a  BK
=020  \\$z456005648X
=020  \\$z9784560056486
=035  \\$a(OCoLC)929029038
=040  \\$aWTU$beng$cYUS$dOCLCO$dYUS$dOCLCO$dOCLCF$dUk$erda$epn
=041  1\$ajpn$hfre
=100  1\$aGendrop, Paul,$eauthor.
=240  10$aLes Mayas.$lJapanese
=245  10$6880-01$aMaya bunmei /$cPōru Jandoro cho ; Takata Isamu yaku.
=264  \1$6880-02$aTōkyō :$bHakusuisha,$c1981.
=300  \\$a1 online resource.
=336  \\$atext$btxt$2rdacontent
=337  \\$acomputer$bc$2rdamedia
=338  \\$aonline resource$bcr$2rdacarrier
=490  1\$6880-03$aBunko kuseju ;$v648
=588  \\$aDescription based on print version.
=650  \0$aMayas.
=650  \0$aMayas$xAntiquities.
=650  \0$aIndians of Mexico$xAntiquities.
=650  \0$aIndians of Central America$xAntiquities.
=650  \7$aIndians of Central America$xAntiquities.$2fast$0(OCoLC)fst00969435
=650  \7$aIndians of Mexico$xAntiquities.$2fast$0(OCoLC)fst00969517
=650  \7$aMayas.$2fast$0(OCoLC)fst01012775
=650  \7$aMayas$xAntiquities.$2fast$0(OCoLC)fst01012778
=700  1\$6880-04,$aTakata, Isamu,$d1931-$etranslator.
=700  1\$iTranslation of:$aGendrop, Paul.$tLes Mayas.
=773  0\$tJapanKnowledge
=776  08$iPrint version:$tMaya bunmei
=830  \0$6880-05$aBunko kuseju$v648.
=856  40$3JapanKnowledge$uhttp://japanknowledge.com/lib/display/?lid=8021006480000$yJapanKnowledge Lib
=880  10$6245-01$aマヤ文明 /$cポール・ジャンドロ著 ; 高田勇訳.
=880  \1$6264-02$a東京 :$b白水社,$c1981.
=880  1\$6490-03$a文庫クセジュ ;$v648
=880  1\$6700-04$a高田勇,$d1931-$etranslator.
=880  \0$6830-05$a文庫クセジュ ;$v648.
=859  \\$aORR$bJapanKnowledge
=CAT  \\$aW1704-1242$b00$c20170509$lBLL01$h0927
=CAT  \\$aBATCH-UPD$b00$c20170509$lBLL01$h0936
=CAT  \\$aW2003-0365$c20200305$lBLL01$h1101
=FIN  \\$aY$d20170509
=SID  \\$aZ30$bOCLC
=SRC  \\$aJapanKnowledge_2017$bJK_OCLC20170203.mrc
=LAS  \\$aW2003-0365$b00$c20200305$lBLL01$h1101

