=LDR  02822 am a22006857a 4500
=001  018338322
=003  Uk
=005  20170106043121.0
=006  m\\\\\o\\d\\\\\\\\
=007  cr\|||||||||||
=008  100420m19751976ja\b\\\\ob\\\\000\0bjpn\d
=FMT  \\$a  BK
=019  \\$a301029296
=035  \\$a(OCoLC)608382693$z(OCoLC)301029296
=040  \\$aOCLCE$beng$cOCLCE$dOCLCQ$dCUS$dOCLCQ$dOCLCA$dOCLCO$dOCLCQ$dOCLCA$dOCLCF$dOCLCO$dYUS$dOCLCO$dYUS$dOCLCO$dOCL$dOCLCQ$dYUS$dOCLCO$dUk$epn
=042  \\$adlr
=043  \\$aa-ja---
=050  \4$aDS856$b.S55 1975 <Asian Japan>
=245  00$6880-01$aShōmonki /$cKajihara Masaaki yakuchū.
=246  3\$aMasakado ki
=250  \\$6880-02$aShohan.
=260  \\$6880-03$aTōkyō :$bHeibonsha,$cShōwa 50-51 [1975-1976]
=300  \\$a1 online resource (2 volumes) :$bmaps.
=336  \\$atext$btxt$2rdacontent
=337  \\$acomputer$bc$2rdamedia
=338  \\$aonline resource$bcr$2rdacarrier
=490  1\$6880-04$aTōyō bunko ;$v280, 291
=504  \\$aIncludes bibliographical references.
=588  0\$aPrint version record.
=600  10$6880-05$aTaira, Masakado,$d903 or 904-940
=600  17$aTaira, Masakado,$d903 or 904-940$2fast$0(OCoLC)fst01850062
=611  27$aTengyō Revolt (Japan : 938-940)$2fast$0(OCoLC)fst01355133
=648  \7$a938-940$2fast
=650  \0$aGenerals$zJapan$vBiography.
=650  \7$aGenerals.$2fast$0(OCoLC)fst00939841
=651  \0$aJapan$xHistory$yTengyō Revolt, 938-940.
=651  \7$aJapan.$2fast$0(OCoLC)fst01204082
=655  \7$aBiography.$2fast$0(OCoLC)fst01423686
=655  \7$aHistory.$2fast$0(OCoLC)fst01411628
=700  1\$6880-06$aKajihara, Masaaki,$d1927-1998
=773  0\$tJapanKnowledge
=776  08$iPrint version:$tShōmonki.$bShohan.$dTōkyō : Heibonsha, Shōwa 50-51 [1975-1976]
=830  \0$6880-07$aTōyō bunko$v280, 291.
=856  40$3JapanKnowledge Volume 1$uhttp://japanknowledge.com/lib/display/?lid=80010V0280P0002$yJapanKnowledge Lib
=856  40$3JapanKnowledge Volume 2$uhttp://japanknowledge.com/lib/display/?lid=80010V0291P0002$yJapanKnowledge Lib
=880  00$6245-01/{dollar}1$a将門記 /$c梶原正昭訳注.
=880  \\$6250-02/{dollar}1$a初版.
=880  \\$6260-03/{dollar}1$a東京 :$b平凡社,$c昭和50-51 [1975-1976]
=880  1\$6490-04/{dollar}1$a東洋文庫 ;$v280, 291
=880  14$6600-05/{dollar}1$a平将門,$d903 or 904-940.
=880  1\$6700-06/{dollar}1$a梶原正昭,$d1927-
=880  \0$6830-07/{dollar}1$a東洋文庫 ;$v280, 291.
=859  \\$aORR$bJapanKnowledge
=CAT  \\$aW1704-1242$b00$c20170509$lBLL01$h0927
=CAT  \\$aBATCH-UPD$b00$c20170509$lBLL01$h0936
=CAT  \\$aW2003-0365$c20200305$lBLL01$h1101
=FIN  \\$aY$d20170509
=SID  \\$aZ30$bOCLC
=SRC  \\$aJapanKnowledge_2017$bJK_OCLC20170203.mrc
=LAS  \\$aW2003-0365$b00$c20200305$lBLL01$h1101

