=LDR  02100 am a22005774i 4500
=001  018338323
=003  Uk
=005  20170106043122.0
=006  m\\\\\o\\d\\\\\\\\
=007  cr\|||||||||||
=008  151113s1972\\\\ja\\\\\\ob\\\\000\0\jpn\d
=FMT  \\$a  BK
=020  \\$z4560055203
=020  \\$z9784560055205
=035  \\$a(OCoLC)929031136
=040  \\$aCNEAL$beng$cYUS$dOCLCO$dYUS$dOCLCO$dOCLCF$dOCLCO$dUk$erda$epn
=041  1\$ajpn$hfre
=050  \4$aHX828$b.A771671972
=100  1\$aArvon, Henri,$d1914-1992,$eauthor.
=245  10$6880-01$aAnākizumu /$cAnri Aruvon cho ; Sakon Takeshi yaku.
=264  \1$6880-02$aTōkyō :$bHakusuisha,$c1972.
=300  \\$a1 online resource.
=336  \\$atext$btxt$2rdacontent
=337  \\$acomputer$bc$2rdamedia
=338  \\$aonline resource$bcr$2rdacarrier
=490  1\$6880-03$aBunko kuseju ;$v520
=504  \\$aIncludes bibliographical references.
=588  \\$aDescription based on print version.
=650  \0$aAnarchism$xHistory.
=650  \7$aAnarchism.$2fast$0(OCoLC)fst00808387
=655  \7$aHistory.$2fast$0(OCoLC)fst01411628
=700  1\$6880-04$aSakon, Takeshi,$d1936-
=730  0\$aAnarchisme.
=773  0\$tJapanKnowledge
=776  08$iPrint version:$tAnākizumu
=830  \0$6880-05$aBunko kuseju$v520.
=856  40$3JapanKnowledge$uhttp://japanknowledge.com/lib/display/?lid=8021005200000$yJapanKnowledge Lib
=880  10$6245-01/{dollar}1$aアナーキズム /$cアンリ・アルヴォン著 ; 左近毅訳.
=880  \1$6264-02/{dollar}1$a東京 :$b白水社,$c1972.
=880  1\$6490-03/{dollar}1$a文庫クセジュ ;$v520
=880  1\$6700-04/{dollar}1$a左近毅,$d1936-
=880  \0$6830-05/{dollar}1$a文庫クセジュ ;$v520.
=859  \\$aORR$bJapanKnowledge
=CAT  \\$aW1704-1242$b00$c20170509$lBLL01$h0927
=CAT  \\$aBATCH-UPD$b00$c20170509$lBLL01$h0936
=CAT  \\$aBATCH-UPD$b00$c20170509$lBLL01$h0939
=CAT  \\$aW2003-0365$c20200305$lBLL01$h1101
=FIN  \\$aY$d20170509
=SID  \\$aZ30$bOCLC
=SRC  \\$aJapanKnowledge_2017$bJK_OCLC20170203.mrc
=LAS  \\$aW2003-0365$b00$c20200305$lBLL01$h1101

