=LDR  02672 am a22006617a 4500
=001  018338324
=003  Uk
=005  20170106043122.0
=006  m\\\\\o\\d\\\\\\\\
=007  cr\un|||||||||
=008  090201s2002\\\\ja\\\\\\ob\\\\000\0\jpn\d
=FMT  \\$a  BK
=035  \\$a(OCoLC)300968970
=040  \\$aOCLCE$beng$cOCLCE$dOCLCQ$dCUS$dOCLCQ$dOCLCA$dOCLCQ$dOCLCF$dYUS$dOCLCO$dYUS$dOCLCO$dOCLCQ$dYUS$dOCLCO$dUk$epn
=041  1\$ajpn$hsan
=043  \\$aa-ii---
=050  \4$aAC145$b.T75 v.698
=084  \\$a322.25$2njb/9
=100  0\$aYājñavalkya.
=240  10$aYājñavalkyasmr̥ti.$lJapanese
=245  10$6880-01$aYājunyabarukiya hōten /$cIkari Yasuke, Watase Nobuyuki.
=250  \\$6880-02$aShohan.
=260  \\$6880-03$aTōkyō :$bHeibonsha,$c2002.
=300  \\$a1 online resource (372 pages).
=336  \\$atext$btxt$2rdacontent
=337  \\$acomputer$bc$2rdamedia
=338  \\$aonline resource$bcr$2rdacarrier
=490  1\$6880-04$aTōyō bunko ;$v698
=504  \\$aIncludes bibliographical references (pages 368-372).
=588  0\$aPrint version record.
=650  \0$aHindu law.
=650  \7$6880-05$aYajunyabarukiya hoten.$2jlabsh
=650  \7$aHindu law.$2fast$0(OCoLC)fst00957061
=650  07$6880-06$aYājunyabarukiya hōten.$2jlabsh/3
=700  1\$6880-07$aIkari, Yasuke,$d1940-
=700  1\$6880-08$aWatase, Nobuyuki,$d1941-
=773  0\$tJapanKnowledge
=776  08$iPrint version:$aYājñavalkya.$sYājñavalkyasmr̥ti. Japanese.$tYājunyabarukiya hōten.$bShohan.$dTōkyō : Heibonsha, 2002$z4582806988$z9784582806984
=830  \0$6880-09$aTōyō bunko$v698.
=856  40$3JapanKnowledge$uhttp://japanknowledge.com/lib/display/?lid=80010V0698P0002$yJapanKnowledge Lib
=880  10$6245-01/{dollar}1$aヤージュニャヴァルキヤ法典 /$c井狩弥介, 渡瀬信之訳注.
=880  \\$6250-02/{dollar}1$a初版.
=880  \\$6260-03/{dollar}1$a東京 :$b平凡社,$c2002.
=880  1\$6490-04/{dollar}1$a東洋文庫 ;$v698
=880  \7$6650-05/{dollar}1$aヤージュニャバルキヤ法典.$2jlabsh
=880  07$6650-06/{dollar}1$aヤージュニャバルキヤ法典.$2jlabsh/3
=880  1\$6700-07/{dollar}1$a井狩弥介,$d1940-
=880  1\$6700-08/{dollar}1$a渡瀬信之,$d1941-
=880  \0$6830-09/{dollar}1$a東洋文庫 ;$v698.
=859  \\$aORR$bJapanKnowledge
=CAT  \\$aW1704-1242$b00$c20170509$lBLL01$h0927
=CAT  \\$aBATCH-UPD$b00$c20170509$lBLL01$h0936
=CAT  \\$aBATCH-UPD$b00$c20170509$lBLL01$h0939
=CAT  \\$aW2003-0365$c20200305$lBLL01$h1101
=FIN  \\$aY$d20170509
=SID  \\$aZ30$bOCLC
=SRC  \\$aJapanKnowledge_2017$bJK_OCLC20170203.mrc
=LAS  \\$aW2003-0365$b00$c20200305$lBLL01$h1101

