=LDR  02201 am a22005657a 4500
=001  018338325
=003  Uk
=005  20170106043122.0
=006  m\\\\\o\\d\\\\\\\\
=007  cr\un|||||||||
=008  090201s1998\\\\ja\a\\\\o\\\\\000\0\jpn\d
=FMT  \\$a  BK
=035  \\$a(OCoLC)301036283
=040  \\$aOCLCE$beng$cOCLCE$dOCLCQ$dCUS$dOCLCQ$dOCLCF$dYUS$dOCLCO$dYUS$dOCLCO$dOCLCQ$dYUS$dOCLCO$dUk$epn
=043  \\$aa-ja---
=050  \4$aGT4884.A2$bM38 1998
=100  1\$6880-01$aMatsudaira, Narimitsu,$d1897-1979
=245  10$6880-02$aMatsuri /$cMatsudaira Narimitsu cho, Iijima Yoshiharu kaisetsu.
=250  \\$6880-03$aShohan.
=260  \\$6880-04$aTōkyō :$bHeibonsha,$c1998.
=300  \\$a1 online resource (382 pages) :$billustrations.
=336  \\$atext$btxt$2rdacontent
=337  \\$acomputer$bc$2rdamedia
=338  \\$aonline resource$bcr$2rdacarrier
=490  1\$6880-05$aTōyō bunko ;$v631
=588  0\$aPrint version record.
=650  \0$aFestivals$zJapan.
=650  \7$aFestivals.$2fast$0(OCoLC)fst00923329
=651  \7$aJapan.$2fast$0(OCoLC)fst01204082
=700  1\$6880-06$aIijima, Yoshiharu.
=773  0\$tJapanKnowledge
=776  08$iPrint version:$aMatsudaira, Narimitsu, 1897-1979.$tMatsuri.$bShohan.$dTōkyō : Heibonsha, 1998$z4582806317$z9784582806311
=830  \0$6880-07$aTōyō bunko$v631.
=856  40$3JapanKnowledge$uhttp://japanknowledge.com/lib/display/?lid=80010V0631P0002$yJapanKnowledge Lib
=880  1\$6100-01/{dollar}1$a松平齊光,$d1897-1979.
=880  10$6245-02/{dollar}1$a祭 /$c松平齊光著, 飯島吉晴解說.
=880  \\$6250-03/{dollar}1$a初版.
=880  \\$6260-04/{dollar}1$a東京 :$b平凡社,$c1998.
=880  1\$6490-05/{dollar}1$a東洋文庫 ;$v631
=880  1\$6700-06/{dollar}1$a飯島吉晴.
=880  \0$6830-07/{dollar}1$a東洋文庫 ;$v631.
=859  \\$aORR$bJapanKnowledge
=CAT  \\$aW1704-1242$b00$c20170509$lBLL01$h0927
=CAT  \\$aBATCH-UPD$b00$c20170509$lBLL01$h0936
=CAT  \\$aBATCH-UPD$b00$c20170509$lBLL01$h0939
=CAT  \\$aW2003-0365$c20200305$lBLL01$h1101
=FIN  \\$aY$d20170509
=SID  \\$aZ30$bOCLC
=SRC  \\$aJapanKnowledge_2017$bJK_OCLC20170203.mrc
=LAS  \\$aW2003-0365$b00$c20200305$lBLL01$h1101

