=LDR  02493 am a22006014i 4500
=001  018338326
=003  Uk
=005  20170106043123.0
=006  m\\\\\o\\d\\\\\\\\
=007  cr\|||||||||||
=008  160115s1980\\\\ja\\\\\\ob\\\\000\0\jpn\d
=FMT  \\$a  BK
=020  \\$z4560054665
=020  \\$z9784560054666
=035  \\$a(OCoLC)934799024
=040  \\$aSTF$beng$cYUS$dOCLCO$dYUS$dOCLCO$dOCLCF$dUk$erda$epn
=041  1\$ajpn$hfre
=050  \4$aPE1095$b.C7163 1980
=100  1\$aCrépin, André,$eauthor.
=240  10$aHistoire de la langue anglaise.$lJapanese
=245  10$6880-01$aEigoshi /$cAndore Kurepan cho ; Nishizaki Aiko yaku.
=264  \1$6880-02$aTōkyō :$bHakusuisha,$c1980.
=300  \\$a1 online resource.
=336  \\$atext$btxt$2rdacontent
=337  \\$acomputer$bc$2rdamedia
=338  \\$aonline resource$bcr$2rdacarrier
=490  1\$6880-03$aBunko kuseju ;$v466
=500  \\$aTranslation of: Histoire de la langue anglaise. Paris : Presses universitaires de France, 1967.
=504  \\$aIncludes bibliographical references.
=588  \\$aDescription based on print version record.
=650  \0$aEnglish language$xHistory.
=650  \7$aEnglish language.$2fast$0(OCoLC)fst00910920
=655  \7$aHistory.$2fast$0(OCoLC)fst01411628
=700  1\$6880-04$aNishizaki, Aiko,$etranslator.
=730  0\$aHistoire de la langue anglaise.
=773  0\$tJapanKnowledge
=776  08$6880-05$iPrint version:$aCrépin, André.$sHistoire de la langue anglaise. Japanese.$tEigoshi.$dTōkyō : Hakusuisha, 1980
=830  \0$6880-06$aBunko kuseju$v466.
=856  40$3JapanKnowledge$uhttp://japanknowledge.com/lib/display/?lid=8021004660000$yJapanKnowledge Lib
=880  10$6245-01$a英語史 /$cアンドレ・クレパン著 ; 西崎愛子訳.
=880  \1$6264-02$a東京 :$b白水社,$c1980.
=880  1\$6490-03$a文庫クセジュ ;$v466
=880  1\$6700-04$a西崎愛子,$etranslator.
=880  08$6776-05$iPrint version:$aCrépin, André.$sHistoire de la langue anglaise. Japanese.$t英語史.$d東京 : 白水社, 1980$w(OCoLC)33548299
=880  \0$6830-06$a文庫クセジュ ;$v466.
=859  \\$aORR$bJapanKnowledge
=CAT  \\$aW1704-1242$b00$c20170509$lBLL01$h0927
=CAT  \\$aBATCH-UPD$b00$c20170509$lBLL01$h0936
=CAT  \\$aW2003-0365$c20200305$lBLL01$h1101
=FIN  \\$aY$d20170509
=SID  \\$aZ30$bOCLC
=SRC  \\$aJapanKnowledge_2017$bJK_OCLC20170203.mrc
=LAS  \\$aW2003-0365$b00$c20200305$lBLL01$h1101

