=LDR  05072 am a22009017a 4500
=001  018338327
=003  Uk
=005  20170106043123.0
=006  m\\\\\o\\d\\\\\\\\
=007  cr\|||||||||||
=008  100324m19851991ja\a\\\\obe\\\000\0\jpn\d
=FMT  \\$a  BK
=019  \\$a298012882$a655439989
=020  \\$z4582804470$q(v. 1)
=020  \\$z4582804985$q(v. 12)
=020  \\$z9784582804478$q(v. 1)
=020  \\$z9784582804980$q(v. 12)
=035  \\$a(OCoLC)567957048$z(OCoLC)298012882$z(OCoLC)655439989
=040  \\$aOCLCE$beng$cOCLCE$dOCLCQ$dCUS$dOCLCQ$dOCLCF$dYUS$dOCLCO$dOCLCA$dYUS$dOCLCO$dYUS$dOCLCO$dOCLCQ$dYUS$dOCLCO$dUk$epn
=042  \\$adlr
=050  \4$aAE4$b.T45 1985
=082  04$a952$220
=100  1\$6880-01$aTerajima, Ryōan.
=245  10$6880-02$aWa-Kan sansai zue /$cTerashima Ryōan ; Shimada Isao, Takeshima Atsuo, Higuchi Motomi yakuchū.
=250  \\$6880-03$aShohan.
=260  \\$6880-04$aTōkyō :$bHeibonsha,$c1985-1991.
=300  \\$a1 online resource (18 volumes) :$billustrations.
=336  \\$atext$btxt$2rdacontent
=337  \\$acomputer$bc$2rdamedia
=338  \\$aonline resource$bcr$2rdacarrier
=490  1\$6880-05$aTōyō bunko ;$v447, 451, 456, 458, 462, 466, 471, 476, 481
=504  \\$aIncludes bibliographical references (v. 4, pages 395-418).
=588  0\$aPrint version record.
=650  \0$aEncyclopedias and dictionaries, Japanese$vEarly works to 1800.
=650  \7$aEncyclopedias and dictionaries, Japanese.$2fast$0(OCoLC)fst00909586
=655  \7$aEarly works.$2fast$0(OCoLC)fst01411636
=700  1\$6880-06$aShimada, Isao,$d1911-1990
=700  1\$6880-07$aTakeshima, Atsuo,$d1931-
=700  1\$6880-08$aHiguchi, Motomi,$d1941-
=773  0\$tJapanKnowledge
=776  08$iPrint version:$aTerajima, Ryōan.$tWa-Kan sansai zue.$bShohan.$dTōkyō : Heibonsha, 1985-<1988>
=830  \0$6880-09$aTōyō bunko$v447, 451, 456, 458, 462, 466, 471, 476, 481.
=856  40$3JapanKnowledge Volume 1$uhttp://japanknowledge.com/lib/display/?lid=80010V0447P0002$yJapanKnowledge Lib
=856  40$3JapanKnowledge Volume 2$uhttp://japanknowledge.com/lib/display/?lid=80010V0451P0002$yJapanKnowledge Lib
=856  40$3JapanKnowledge Volume 3$uhttp://japanknowledge.com/lib/display/?lid=80010V0456P0002$yJapanKnowledge Lib
=856  40$3JapanKnowledge Volume 4$uhttp://japanknowledge.com/lib/display/?lid=80010V0458P0002$yJapanKnowledge Lib
=856  40$3JapanKnowledge Volume 5$uhttp://japanknowledge.com/lib/display/?lid=80010V0462P0002$yJapanKnowledge Lib
=856  40$3JapanKnowledge Volume 6$uhttp://japanknowledge.com/lib/display/?lid=80010V0466P0002$yJapanKnowledge Lib
=856  40$3JapanKnowledge Volume 7$uhttp://japanknowledge.com/lib/display/?lid=80010V0471P0002$yJapanKnowledge Lib
=856  40$3JapanKnowledge Volume 8$uhttp://japanknowledge.com/lib/display/?lid=80010V0476P0002$yJapanKnowledge Lib
=856  40$3JapanKnowledge Volume 9$uhttp://japanknowledge.com/lib/display/?lid=80010V0481P0002$yJapanKnowledge Lib
=856  40$3JapanKnowledge Volume 10$uhttp://japanknowledge.com/lib/display/?lid=80010V0487P0002$yJapanKnowledge Lib
=856  40$3JapanKnowledge Volume 11$uhttp://japanknowledge.com/lib/display/?lid=80010V0494P0002$yJapanKnowledge Lib
=856  40$3JapanKnowledge Volume 12$uhttp://japanknowledge.com/lib/display/?lid=80010V0498P0002$yJapanKnowledge Lib
=856  40$3JapanKnowledge Volume 13$uhttp://japanknowledge.com/lib/display/?lid=80010V0505P0002$yJapanKnowledge Lib
=856  40$3JapanKnowledge Volume 14$uhttp://japanknowledge.com/lib/display/?lid=80010V0510P0002$yJapanKnowledge Lib
=856  40$3JapanKnowledge Volume 15$uhttp://japanknowledge.com/lib/display/?lid=80010V0516P0002$yJapanKnowledge Lib
=856  40$3JapanKnowledge Volume 16$uhttp://japanknowledge.com/lib/display/?lid=80010V0521P0002$yJapanKnowledge Lib
=856  40$3JapanKnowledge Volume 17$uhttp://japanknowledge.com/lib/display/?lid=80010V0527P0002$yJapanKnowledge Lib
=856  40$3JapanKnowledge Volume 18$uhttp://japanknowledge.com/lib/display/?lid=80010V0532P0002$yJapanKnowledge Lib
=880  1\$6100-01/{dollar}1$a寺島良安.
=880  10$6245-02/{dollar}1$a和漢三才図会 /$c寺島良安 ; 島田勇雄, 竹島淳夫, 樋口元巳訳注.
=880  \\$6250-03/{dollar}1$a初版.
=880  \\$6260-04/{dollar}1$a東京 :$b平凡社,$c1985-1991.
=880  1\$6490-05/{dollar}1$a東洋文庫 ;$v447, 451, 456, 458, 462, 466, 471, 476, 481
=880  1\$6700-06/{dollar}1$a島田勇雄,$d1911-
=880  1\$6700-07/{dollar}1$a竹島淳夫,$d1931-
=880  1\$6700-08/{dollar}1$a樋口元巳,$d1941-
=880  \0$6830-09/{dollar}1$a東洋文庫 ;$v447, 451, 456, 458, 462, 466, 471, 476, 481.
=859  \\$aORR$bJapanKnowledge
=CAT  \\$aW1704-1242$b00$c20170509$lBLL01$h0927
=CAT  \\$aBATCH-UPD$b00$c20170509$lBLL01$h0936
=CAT  \\$aBATCH-UPD$b00$c20170509$lBLL01$h0939
=CAT  \\$aW2003-0365$c20200305$lBLL01$h1101
=FIN  \\$aY$d20170509
=SID  \\$aZ30$bOCLC
=SRC  \\$aJapanKnowledge_2017$bJK_OCLC20170203.mrc
=LAS  \\$aW2003-0365$b00$c20200305$lBLL01$h1101

