=LDR  02469 am a22006377i 4500
=001  018338328
=003  Uk
=005  20170106043123.0
=006  m\\\\\o\\d\\\\\\\\
=007  cr\un|||||||||
=008  090130s1971\\\\ja\\\\\\ob\\\\000\0\jpn\d
=FMT  \\$a  BK
=019  \\$a645457402
=035  \\$a(OCoLC)300518250$z(OCoLC)645457402
=040  \\$aOCLCE$beng$cOCLCE$dOCL$dCUS$dOCLCQ$dOCLCO$dOCLCQ$dOCLCF$dYUS$dOCLCO$dYUS$dOCLCO$dOCLCQ$dYUS$dOCLCO$dUk$epn
=042  \\$adlr
=043  \\$aa-ja---
=050  \4$aBL2226$b.M37
=100  1\$6880-01$aMatsumoto, Nobuhiro,$d1897-1981
=245  10$6880-02$aNihon shinwa no kenkyū /$cMatsumoto Nobuhiro cho.
=250  \\$6880-03$aShohan.
=260  \\$6880-04$aTōkyō :$bHeibonsha,$cShōwa 46 [1971]
=300  \\$a1 online resource (3, 249, 18 pages).
=336  \\$atext$btxt$2rdacontent
=337  \\$acomputer$bc$2rdamedia
=338  \\$aonline resource$bcr$2rdacarrier
=490  1\$6880-05$aTōyō bunko ;$v180
=504  \\$aIncludes bibliographical references.
=588  0\$aPrint version record.
=650  \0$aFolklore$zJapan.
=650  \0$aMythology, Japanese.
=650  \7$aFolklore.$2fast$0(OCoLC)fst00930306
=650  \7$aMythology, Japanese.$2fast$0(OCoLC)fst01031838
=651  \7$aJapan.$2fast$0(OCoLC)fst01204082
=773  0\$tJapanKnowledge
=776  08$iPrint version:$aMatsumoto, Nobuhiro, 1897-$tNihon shinwa no kenkyū.$dTōkyō : Heibonsha, Shōwa 46 [1971]
=830  \0$6880-06$aTōyō bunko$v180.
=856  40$3JapanKnowledge$uhttp://japanknowledge.com/lib/display/?lid=80010V0180P0002$yJapanKnowledge Lib
=880  1\$6100-01/{dollar}1$a松本信広,$d1897-
=880  10$6245-02/{dollar}1$a日本神話の研究 /$c松本信広著.
=880  \\$6250-03/{dollar}1$a初版.
=880  \\$6260-04/{dollar}1$a東京 :$b平凡社,$c昭和46 [1971]
=880  1\$6490-05/{dollar}1$a東洋文庫 ;$v180
=880  \\$6504-00/{dollar}1$a附參考文獻及索引.
=880  \0$6830-06/{dollar}1$a東洋文庫 ;$v180.
=859  \\$aORR$bJapanKnowledge
=CAT  \\$aW1704-1242$b00$c20170509$lBLL01$h0927
=CAT  \\$aBATCH-UPD$b00$c20170509$lBLL01$h0936
=CAT  \\$aBATCH-UPD$b00$c20170509$lBLL01$h0939
=CAT  \\$a5100$b40$c20180918$lBLL01$h0824
=CAT  \\$aBATCH-UPD$b40$c20180918$lBLL01$h0824
=CAT  \\$aW2003-0365$c20200305$lBLL01$h1101
=FIN  \\$aY$d20170509
=SID  \\$aZ30$bOCLC
=SRC  \\$aJapanKnowledge_2017$bJK_OCLC20170203.mrc
=LAS  \\$aW2003-0365$b00$c20200305$lBLL01$h1101

