=LDR  02547 am a22006137a 4500
=001  018338329
=003  Uk
=005  20170106043124.0
=006  m\\\\\o\\d\\\\\\\\
=007  cr\|||||||||||
=008  100420s1968\\\\ja\ab\\\ob\\\\000\1\jpn\d
=FMT  \\$a  BK
=019  \\$a297383404
=035  \\$a(OCoLC)608388993$z(OCoLC)297383404
=040  \\$aOCLCE$beng$cOCLCE$dOCLCQ$dCUS$dOCLCO$dOCLCQ$dOCLCF$dYUS$dOCLCO$dYUS$dOCLCO$dOCLCQ$dYUS$dOCLCO$dUk$epn
=042  \\$adlr
=050  \4$aPL790$b.G5 1968
=245  00$6880-01$aGikeiki /$cSatō Kenzō, Kobayashi Hirokuni yaku.
=250  \\$6880-02$aShohan.
=260  \\$6880-03$aTōkyō :$bHeibonsha,$cShōwa 43 [1968]
=300  \\$a1 online resource (2 volumes) :$billustrations, map.
=336  \\$atext$btxt$2rdacontent
=337  \\$acomputer$bc$2rdamedia
=338  \\$aonline resource$bcr$2rdacarrier
=490  1\$6880-04$aTōyō bunko ;$v114, 125
=504  \\$aIncludes bibliographical references in notes.
=588  0\$aPrint version record.
=600  10$6880-05$aMinamoto, Yoshitsune,$d1159-1189$vFiction.
=600  17$aMinamoto, Yoshitsune,$d1159-1189$2fast$0(OCoLC)fst00072269
=655  \7$aFiction.$2fast$0(OCoLC)fst01423787
=700  1\$6880-06$aSatō, Kenzō,$d1910-1975
=700  1\$6880-07$aKobayashi, Hirokuni,$d1930-
=773  0\$tJapanKnowledge
=776  08$iPrint version:$tGikeiki.$bShohan.$dTōkyō : Heibonsha, Shōwa 43 [1968]
=830  \0$6880-08$aTōyō bunko$v114, 125.
=856  40$3JapanKnowledge Volume 1$uhttp://japanknowledge.com/lib/display/?lid=80010V0114P0002$yJapanKnowledge Lib
=856  40$3JapanKnowledge Volume 2$uhttp://japanknowledge.com/lib/display/?lid=80010V0125P0002$yJapanKnowledge Lib
=880  00$6245-01/{dollar}1$a義経記 /$c佐藤謙三, 小林弘邦訳.
=880  \\$6250-02/{dollar}1$a初版.
=880  \\$6260-03/{dollar}1$a東京 :$b平凡社,$c昭和43 [1968]
=880  1\$6490-04/{dollar}1$a東洋文庫 ;$v114, 125
=880  14$6600-05/{dollar}1$a源義経,$d1159-1189$vFiction.
=880  1\$6700-06/{dollar}1$a佐藤謙三,$d1910-1975.
=880  1\$6700-07/{dollar}1$a小林弘邦,$d1930-
=880  \0$6830-08/{dollar}1$a東洋文庫 ;$v114, 125.
=859  \\$aORR$bJapanKnowledge
=CAT  \\$aW1704-1242$b00$c20170509$lBLL01$h0927
=CAT  \\$aBATCH-UPD$b00$c20170509$lBLL01$h0936
=CAT  \\$aBATCH-UPD$b00$c20170509$lBLL01$h0939
=CAT  \\$aW2003-0365$c20200305$lBLL01$h1101
=FIN  \\$aY$d20170509
=SID  \\$aZ30$bOCLC
=SRC  \\$aJapanKnowledge_2017$bJK_OCLC20170203.mrc
=LAS  \\$aW2003-0365$b00$c20200305$lBLL01$h1101

