=LDR  02431 am a22005897i 4500
=001  018338330
=003  Uk
=005  20170106043124.0
=006  m\\\\\o\\d\\\\\\\\
=008  100323m19841989ja\a\\\\obe\\\000\0\jpn\d
=FMT  \\$a  BK
=019  \\$a607743794
=020  \\$z4095260017 (v. 1)
=020  \\$z9784095260013 (v. 1)
=020  \\$z4095260254 (v. 25)
=020  \\$z9784095260259 (v. 25)
=035  \\$a(OCoLC)568000435$z(OCoLC)607743794
=040  \\$aOCLCE$beng$cOCLCE$dOCLCQ$dOCLCF$dOCLCO$dYUS$dOCLCO$dUk$erda$epn
=042  \\$adlr
=050  \4$aAE35.2
=245  00$6880-01$aNihon dai hyakka zensho =$bEncyclopedia Nipponica 2001.
=246  31$aEncyclopedia Nipponica 2001
=250  \\$6880-02$aShohan.
=260  \\$6880-03$aTōkyō :$bShōgakkan,$cShōwa 59-64 [1984-1989]
=300  \\$a1 online resource (25 v.) :$bill. (some col.)
=336  \\$atext$btxt$2rdacontent
=337  \\$acomputer$bc$2rdamedia
=338  \\$aonline resource$bcr$2rdacarrier
=504  \\$aIncludes bibliographical references.
=588  \\$aDescription based on print version record.
=650  \0$aEncyclopedias and dictionaries, Japanese.
=650  \7$aEncyclopedias and dictionaries, Japanese.$2fast$0(OCoLC)fst00909586
=710  2\$6880-04$aShōgakkan.
=740  0\$aEncyclopedia Nipponica 2001.
=773  0\$tJapanKnowledge
=775  08$6880-05$tNipponika purasu
=776  08$6880-06$iPrint version:$tNihon dai hyakka zensho.$bShohan.$dTōkyō : Shōgakkan, Shōwa 59-64 [1984-1989]$z4095260017
=856  40$3JapanKnowledge$uhttp://japanknowledge.com/lib/search/nipponica/$yJapanKnowledge Lib
=880  00$6245-01/{dollar}1$a日本大百科全書 =$bEncyclopedia Nipponica 2001.
=880  \\$6250-02/{dollar}1$a初版.
=880  \\$6260-03/{dollar}1$a東京 :$b小学館,$c昭和 59-64 [1984-1989]
=880  2\$6710-04/{dollar}1$a小学館.
=880  08$6775-05/{dollar}1$tニッポニカ・プラス$w(OCoLC)929074865
=880  08$6776-06/{dollar}1$iPrint version:$t日本大百科全書.$b初版.$d東京 : 小学館, 昭和 59-64 [1984-1989]$z4095260017$w(DLC) 84197943$w(OCoLC)14970117
=859  \\$aORR$bJapanKnowledge
=CAT  \\$aW1704-1242$b00$c20170509$lBLL01$h0927
=CAT  \\$aBATCH-UPD$b00$c20170509$lBLL01$h0936
=CAT  \\$aW2003-0365$c20200305$lBLL01$h1101
=FIN  \\$aY$d20170509
=SID  \\$aZ30$bOCLC
=SRC  \\$aJapanKnowledge_2017$bJK_OCLC20170203.mrc
=LAS  \\$aW2003-0365$b00$c20200305$lBLL01$h1101

