=LDR  02789 am a22006497a 4500
=001  018338331
=003  Uk
=005  20170106043124.0
=006  m\\\\\o\\d\\\\\\\\
=007  cr\|||||||||||
=008  100323s1984\\\\ja\a\\\\o\\\\\000\0\jpnrd
=FMT  \\$a  BK
=019  \\$a297880532
=035  \\$a(OCoLC)567925554$z(OCoLC)297880532
=040  \\$aOCLCE$beng$cOCLCE$dOCLCQ$dCUS$dOCLCQ$dOCLCA$dOCLCQ$dOCLCF$dYUS$dOCLCO$dYUS$dOCLCO$dOCLCQ$dYUS$dOCLCO$dUk$epn
=042  \\$adlr
=043  \\$aa-ja---
=050  \4$aDS894.99.K339$bA4257 1984 <Orien Japan>
=100  1\$6880-01$aNagoya, Sagenta,$dactive 19th century
=245  10$6880-02$aNantō zatsuwa :$bbakumatsu Amami minzokushi /$cNagoya Sagenta ; Kokubu Naoichi, Era Hiroshi kōchū.
=246  30$6880-03$aBakumatsu Amami minzokushi
=250  \\$6880-04$aShohan.
=260  \\$6880-05$aTōkyō :$bHeibonsha,$c1984.
=300  \\$a1 online resource (2 volumes) :$billustrations.
=336  \\$atext$btxt$2rdacontent
=337  \\$acomputer$bc$2rdamedia
=338  \\$aonline resource$bcr$2rdacarrier
=490  1\$6880-06$aTōyō bunko ;$v431-432
=588  0\$aPrint version record.
=650  \7$aManners and customs.$2fast$0(OCoLC)fst01007815
=651  \0$aAmami Islands (Japan)$xSocial life and customs.
=651  \7$aJapan$zAmami Islands.$2fast$0(OCoLC)fst01239754
=700  1\$6880-07$aKokubu, Naoichi,$d1908-2005
=700  1\$6880-08$aEra, Hiroshi,$d1940-
=773  0\$tJapanKnowledge
=776  08$iPrint version:$aNagoya, Sagenta, 19th cent.$tNantō zatsuwa.$bShohan.$dTōkyō : Heibonsha, 1984
=830  \0$6880-09$aTōyō bunko$v431-432.
=856  40$3JapanKnowledge Volume 1$uhttp://japanknowledge.com/lib/display/?lid=80010V0431P0002$yJapanKnowledge Lib
=856  40$3JapanKnowledge Volume 2$uhttp://japanknowledge.com/lib/display/?lid=80010V0432P0002$yJapanKnowledge Lib
=880  1\$6100-01/{dollar}1$a名越左源太,$dactive 19th century.
=880  10$6245-02/{dollar}1$a南島雑話 :$b幕末奄美民俗誌 /$c名越左源太 ; 国分直一, 恵良宏校注.
=880  30$6246-03/{dollar}1$a幕末奄美民俗誌
=880  \\$6250-04/{dollar}1$a初版.
=880  \\$6260-05/{dollar}1$a東京 :$b平凡社,$c1984.
=880  1\$6490-06/{dollar}1$a東洋文庫 ;$v431-432
=880  1\$6700-07/{dollar}1$a国分直一,$d1908-2005.
=880  1\$6700-08/{dollar}1$a恵良宏,$d1940-
=880  \0$6830-09/{dollar}1$a東洋文庫 ;$v431-432.
=859  \\$aORR$bJapanKnowledge
=CAT  \\$aW1704-1242$b00$c20170509$lBLL01$h0927
=CAT  \\$aBATCH-UPD$b00$c20170509$lBLL01$h0936
=CAT  \\$aBATCH-UPD$b00$c20170509$lBLL01$h0939
=CAT  \\$aW2003-0365$c20200305$lBLL01$h1101
=FIN  \\$aY$d20170509
=SID  \\$aZ30$bOCLC
=SRC  \\$aJapanKnowledge_2017$bJK_OCLC20170203.mrc
=LAS  \\$aW2003-0365$b00$c20200305$lBLL01$h1101

