=LDR  02705 am a22006617a 4500
=001  018338332
=003  Uk
=005  20170106043125.0
=006  m\\\\\o\\d\\\\\\\\
=007  cr\|||||||||||
=008  100626s1963\\\\ja\a\\\\o\\\\\000\0\jpn\d
=FMT  \\$a  BK
=019  \\$a298986996
=035  \\$a(OCoLC)644102100$z(OCoLC)298986996
=040  \\$aOCLCE$beng$cOCLCE$dCUS$dOCLCO$dOCLCQ$dOCLCF$dOCLCO$dYUS$dOCLCO$dYUS$dOCLCO$dOCLCQ$dYUS$dOCLCO$dUk$epn
=041  1\$ajpn$hger
=042  \\$adlr
=043  \\$aa-cc-su
=050  \4$aDS793.L65$bH4717
=100  1\$aHerrmann, Albert,$d1886-1945.
=240  10$aLou-lan.$lJapanese
=245  10$6880-01$aRōran :$bryūsha ni umoreta ōto /$cA. Heruman ; Matsuda Hisao yaku.
=260  \\$6880-02$aTōkyō :$bHeibonsha,$cShōwa 38 [1963]$g(Shōwa 48 [1973] printing)
=300  \\$a1 online resource (6, 248 pages) :$billustrations.
=336  \\$atext$btxt$2rdacontent
=337  \\$acomputer$bc$2rdamedia
=338  \\$aonline resource$bcr$2rdacarrier
=490  1\$6880-03$aTōyō bunko ;$v1
=588  0\$aPrint version record.
=650  \7$aAntiquities.$2fast$0(OCoLC)fst00810745
=651  \0$aLoulan (Extinct city)
=651  \0$aXinjiang Uygur Zizhiqu (China)$xAntiquities.
=651  \7$aChina$zLoulan (Extinct city)$2fast$0(OCoLC)fst01897083
=651  \7$aChina$zXinjiang Uygur Zizhiqu.$2fast$0(OCoLC)fst01212006
=653  \\$6880-04$aRōran.
=653  \\$6880-05$aSeiiki.
=700  1\$6880-06$aMatsuda, Hisao,$d1903-1982
=773  0\$tJapanKnowledge
=776  08$iPrint version:$aHerrmann, Albert, 1886-1945.$sLou-lan. Japanese.$tRōran.$dTōkyō : Heibonsha, Shōwa 38 [1963]
=830  \0$6880-07$aTōyō bunko$v1.
=856  40$3JapanKnowledge$uhttp://japanknowledge.com/lib/display/?lid=80010V0001P0002$yJapanKnowledge Lib
=880  10$6245-01/{dollar}1$a楼蘭 :$b流砂に理もれた王都 /$cA. ヘルマン ; 松田寿男訳.
=880  \\$6260-02/{dollar}1$a東京 :$b平凡社,$c昭和38 [1963]$g(昭和48 [1973] printing)
=880  1\$6490-03/{dollar}1$a東洋文庫 ;$v1
=880  0\$6505-00/{dollar}1$a楼蘭時代の東西交涉に関する年表:p245-248.
=880  \\$6653-04/{dollar}1$a楼蘭.
=880  \\$6653-05/{dollar}1$a西域.
=880  1\$6700-06/{dollar}1$a松田寿男,$d1903-1982.
=880  \0$6830-07/{dollar}1$a東洋文庫 ;$v1.
=859  \\$aORR$bJapanKnowledge
=CAT  \\$aW1704-1242$b00$c20170509$lBLL01$h0927
=CAT  \\$aBATCH-UPD$b00$c20170509$lBLL01$h0936
=CAT  \\$aBATCH-UPD$b00$c20170509$lBLL01$h0939
=CAT  \\$aW2003-0365$c20200305$lBLL01$h1101
=FIN  \\$aY$d20170509
=SID  \\$aZ30$bOCLC
=SRC  \\$aJapanKnowledge_2017$bJK_OCLC20170203.mrc
=LAS  \\$aW2003-0365$b00$c20200305$lBLL01$h1101

