=LDR  02220 am a22005894i 4500
=001  018338333
=003  Uk
=005  20170106043125.0
=006  m\\\\\o\\d\\\\\\\\
=007  cr\|||||||||||
=008  151113s1995\\\\ja\\\\\gob\\\\000\0\jpnod
=FMT  \\$a  BK
=020  \\$z4560057621
=020  \\$z9784560057629
=035  \\$a(OCoLC)929031459
=040  \\$aCNEAL$beng$cYUS$dOCLCO$dYUS$dOCLCO$dUk$erda$epn
=041  1\$ajpn$hfre
=050  \4$aB4377$b.C386165 1995
=100  10$aCauly, Olivier,$eauthor.
=240  10$aKierkegaard.$lJapanese
=245  10$6880-01$aKirukegōru /$cOrivie Kōrī ; Murakami Kyōichi, Kobayashi Masami kyōyaku.
=264  \1$6880-06$aTōkyō :$bHakusuisha,$c1995.
=300  \\$a1 online resource.
=336  \\$atext$btxt$2rdacontent
=337  \\$acomputer$bc$2rdamedia
=338  \\$aonline resource$bcr$2rdacarrier
=490  1\$6880-02$aBunko kuseju ;$v762
=500  \\$aTranslation of: Kierkegaard.
=504  \\$aIncludes bibliographical references.
=588  \\$aDescription based on print version.
=600  10$aKierkegaard, Søren,$d1813-1855.
=600  17$aKierkegaard, Søren,$d1813-1855$2fast$0(OCoLC)fst00037558
=700  1\$6880-03$aMurakami, Kyōichi,$d1936-
=700  1\$6880-04$aKobayashi, Masami,$d1958-
=773  0\$tJapanKnowledge
=776  08$iPrint version:$tKirukegāru
=830  \0$6880-05$aBunko kuseju$v706.
=856  40$3JapanKnowledge$uhttp://japanknowledge.com/lib/display/?lid=8021007620000$yJapanKnowledge Lib
=880  10$6245-01/{dollar}1$aキルケゴール /$cオリヴィエ・コーリー著 ; 村上恭一,小林正巳共訳
=880  \1$6264-06/{dollar}1$a東京 :$b白水社,$c1995
=880  1\$6490-02/{dollar}1$a文庫クセジュ ;$v762
=880  1\$6700-03/{dollar}1$a村上恭一,$d1936-
=880  1\$6700-04/{dollar}1$a小林正巳,$d1958-
=880  \0$6830-05/{dollar}1$a文庫クセジュ ;$v706.
=859  \\$aORR$bJapanKnowledge
=CAT  \\$aW1704-1242$b00$c20170509$lBLL01$h0927
=CAT  \\$aBATCH-UPD$b00$c20170509$lBLL01$h0936
=CAT  \\$aW2003-0365$c20200305$lBLL01$h1101
=FIN  \\$aY$d20170509
=SID  \\$aZ30$bOCLC
=SRC  \\$aJapanKnowledge_2017$bJK_OCLC20170203.mrc
=LAS  \\$aW2003-0365$b00$c20200305$lBLL01$h1101

