=LDR  02373 am a2200565 a 4500
=001  018338334
=003  Uk
=005  20170106043126.0
=006  m\\\\\o\\d\\\\\\\\
=007  cr\un|||||||||
=008  120131s1969\\\\ja\\\\\\o\\\\\000\0\jpn\\
=FMT  \\$a  BK
=035  \\$a(OCoLC)774610751
=040  \\$aCUS$beng$cCUS$dOCLCQ$dYUS$dOCLCQ$dYUS$dOCLCO$dOCLCQ$dYUS$dOCLCO$dUk
=050  \4$aCT1838.K36$bA3 1969
=100  1\$6880-01$aKatsu, Kokichi,$d1802-1850
=245  10$6880-02$aMusui dokugen :$bhoka /$cKatsu Kokichi cho ; Katsube Mitake hen.
=250  \\$6880-03$aShohan.
=260  \\$6880-04$aTōkyō :$bHeibonsha,$cShōwa 44 [1969]
=300  \\$a1 online resource (197 pages).
=336  \\$atext$btxt$2rdacontent
=337  \\$acomputer$bc$2rdamedia
=338  \\$aonline resource$bcr$2rdacarrier
=490  1\$6880-05$aTōyō bunko ;$v138
=505  0\$6880-06$aMusui dokugen -- Hirayama Shiryō Sensei iji -- Musui nenpu -- Katsu-ke ryakukeifu -- Odani-ke ryakukeifu.
=588  0\$aPrint version record.
=600  10$6880-07$aHirayama, Heigen,$d1737-1806
=700  1\$6880-08$aKatsube, Mitake,$d1916-
=773  0\$tJapanKnowledge
=776  08$iPrint version:$aKatsu, Kokichi, 1802-1850.$tMusui dokugen.$dTōkyō : Heibonsha, Shōwa 44 [1969]
=830  \0$6880-09$aTōyō bunko$v138.
=856  40$3JapanKnowledge$uhttp://japanknowledge.com/lib/display/?lid=80010V0138P0002$yJapanKnowledge Lib
=880  1\$6100-01/{dollar}1$a勝小吉,$d1802-1850.
=880  10$6245-02/{dollar}1$a夢酔独言 :$b他 /$c勝小吉著 ; 勝部真長編.
=880  \\$6250-03/{dollar}1$a初版.
=880  \\$6260-04/{dollar}1$a東京 :$b平凡社,$c昭和44 [1969]
=880  1\$6490-05/{dollar}1$a東洋文庫 ;$v138
=880  0\$6505-06/{dollar}1$a夢酔独言 -- 平山子龍先生遺事 -- 夢酔年譜 -- 勝家略系譜 -- 男谷家略系譜.
=880  14$6600-07/{dollar}1$a平山兵原,$d1737-1806.
=880  1\$6700-08/{dollar}1$a勝部真長,$d1916-
=880  \0$6830-09/{dollar}1$a東洋文庫 ;$v138.
=859  \\$aORR$bJapanKnowledge
=CAT  \\$aW1704-1242$b00$c20170509$lBLL01$h0927
=CAT  \\$aBATCH-UPD$b00$c20170509$lBLL01$h0936
=CAT  \\$aBATCH-UPD$b00$c20170509$lBLL01$h0939
=CAT  \\$aW2003-0365$c20200305$lBLL01$h1101
=FIN  \\$aY$d20170509
=SID  \\$aZ30$bOCLC
=SRC  \\$aJapanKnowledge_2017$bJK_OCLC20170203.mrc
=LAS  \\$aW2003-0365$b00$c20200305$lBLL01$h1101

