=LDR  02098 am a22005654i 4500
=001  018338335
=003  Uk
=005  20170106043126.0
=006  m\\\\\o\\d\\\\\\\\
=007  cr\|||||||||||
=008  151113s1975\\\\ja\\\\\\o\\\\\000\0\jpn\d
=FMT  \\$a  BK
=035  \\$a(OCoLC)929031115
=040  \\$aCNEAL$beng$cYUS$dOCLCO$dYUS$dOCLCO$dOCLCF$dUk$erda$epn
=041  1\$ajpn$hfre
=050  \4$aF2508$b.M75167 1975
=100  1\$aMonbeig, Pierre,$eauthor.
=245  10$6880-01$aBurajiru /$cPiēru Monbekku cho ; Yamamoto Shōzō yaku.
=264  \1$6880-02$aTōkyō :$bHakusuisha,$c1975.
=300  \\$a1 online resource.
=336  \\$atext$btxt$2rdacontent
=337  \\$acomputer$bc$2rdamedia
=338  \\$aonline resource$bcr$2rdacarrier
=490  1\$6880-03$aBunko kuseju ;$v568
=588  \\$aDescription based on print version.
=650  \7$aEconomic history.$2fast$0(OCoLC)fst00901974
=650  \7$aTravel.$2fast$0(OCoLC)fst01155558
=651  \0$aBrazil$xDescription and travel.
=651  \0$aBrazil$xEconomic conditions.
=651  \7$aBrazil.$2fast$0(OCoLC)fst01206830
=700  1\$6880-04$aYamamoto, Shōzō,$d1928-
=730  0\$aBrésil.
=773  0\$tJapanKnowledge
=776  08$iPrint version:$tBurajiru
=830  \0$6880-05$aBunko kuseju$v568.
=856  40$3JapanKnowledge$uhttp://japanknowledge.com/lib/display/?lid=8021005680000$yJapanKnowledge Lib
=880  10$6245-01/{dollar}1$aブラジル /$cピエール・モンベーク著 ; 山本正三訳.
=880  \1$6264-02/{dollar}1$a東京 :$b白水社,$c1975.
=880  1\$6490-03/{dollar}1$a文庫クセジュ ;$v568
=880  1\$6700-04/{dollar}1$a山本正三,$d1928-
=880  \0$6830-05/{dollar}1$a文庫クセジュ ;$v568.
=859  \\$aORR$bJapanKnowledge
=CAT  \\$aW1704-1242$b00$c20170509$lBLL01$h0927
=CAT  \\$aBATCH-UPD$b00$c20170509$lBLL01$h0936
=CAT  \\$aBATCH-UPD$b00$c20170509$lBLL01$h0939
=CAT  \\$aW2003-0365$c20200305$lBLL01$h1101
=FIN  \\$aY$d20170509
=SID  \\$aZ30$bOCLC
=SRC  \\$aJapanKnowledge_2017$bJK_OCLC20170203.mrc
=LAS  \\$aW2003-0365$b00$c20200305$lBLL01$h1101

