=LDR  02537 am a22006014i 4500
=001  018338336
=003  Uk
=005  20170106043126.0
=006  m\\\\\o\\d\\\\\\\\
=007  cr\|||||||||||
=008  151113s1955\\\\ja\\\\\\ob\\\\000\0\jpn\d
=FMT  \\$a  BK
=020  \\$z4560051607
=020  \\$z9784560051603
=035  \\$a(OCoLC)929028980
=040  \\$aSTF$beng$cYUS$dOCLCO$dYUS$dOCLCO$dOCLCF$dUk$erda$epn
=041  1\$ajpn$hfre
=050  \4$aF1410$b.C44163 1955
=100  1\$aChaunu, Pierre,$eauthor.
=240  10$aHistoire de l'Amérique latine.$lJapanese
=245  10$6880-01$aRaten Amerika shi /$cPiēru Shōnyu cho ; Ōshima Tadashi yaku.
=264  \1$6880-02$aTōkyō :$bHakusuisha,$c1955.
=300  \\$a1 online resource (132, 4 pages).
=336  \\$atext$btxt$2rdacontent
=337  \\$acomputer$bc$2rdamedia
=338  \\$aonline resource$bcr$2rdacarrier
=490  1\$6880-03$aBunko kuseju ;$v160
=500  \\$aTranslation of: Histoire de l'Amérique latine.
=504  \\$aIncludes bibliographical references.
=588  \\$aDescription based on print version record.
=651  \0$aLatin America$xHistory.
=651  \7$aLatin America.$2fast$0(OCoLC)fst01245945
=655  \7$aHistory.$2fast$0(OCoLC)fst01411628
=700  1\$6880-04,$aŌshima, Tadashi,$d1918-1984$etranslator.
=773  0\$tJapanKnowledge
=776  08$6880-05$iPrint version:$aChaunu, Pierre.$sHistoire de l'Amérique latine. Japanese.$tRaten Amerika shi.$dTōkyō : Hakusuisha, 1955
=830  \0$6880-06$aBunko kuseju$v160.
=856  40$3JapanKnowledge$uhttp://japanknowledge.com/lib/display/?lid=8021001600000$yJapanKnowledge Lib
=880  10$6245-01$aラテン・アメリカ史 /$cピエール・ショーニュ著 ; 大島正訳.
=880  \1$6264-02$a東京 :$b白水社,$c1955.
=880  1\$6490-03$a文庫クセジュ ;$v160
=880  1\$6700-04$a大島正,$d1918-1984,$etranslator.
=880  08$6776-05$iPrint version:$aChaunu, Pierre.$sHistoire de l'Amérique latine. Japanese.$tラテン・アメリカ史.$d東京 : 白水社, 1955$w(OCoLC)33657509
=880  \0$6830-06$a文庫クセジュ ;$v160.
=859  \\$aORR$bJapanKnowledge
=CAT  \\$aW1704-1242$b00$c20170509$lBLL01$h0927
=CAT  \\$aBATCH-UPD$b00$c20170509$lBLL01$h0936
=CAT  \\$aBATCH-UPD$b00$c20170509$lBLL01$h0939
=CAT  \\$aW2003-0365$c20200305$lBLL01$h1101
=FIN  \\$aY$d20170509
=SID  \\$aZ30$bOCLC
=SRC  \\$aJapanKnowledge_2017$bJK_OCLC20170203.mrc
=LAS  \\$aW2003-0365$b00$c20200305$lBLL01$h1101

