=LDR  02600 am a22006254i 4500
=001  018338337
=003  Uk
=005  20170106043127.0
=006  m\\\\\o\\d\\\\\\\\
=007  cr\|||||||||||
=008  151113s1963\\\\ja\\\\\\ob\\\\000\0\jpn\d
=FMT  \\$a  BK
=020  \\$z4560050139
=020  \\$z9784560050132
=035  \\$a(OCoLC)929028972
=040  \\$aSTF$beng$cYUS$dOCLCO$dYUS$dOCLCO$dOCLCF$dUk$erda$epn
=041  1\$ajpn$hfre
=050  \4$aB819$b.F62163 1963
=100  1\$aFoulquié, Paul,$d1893-1983,$eauthor.
=240  10$aExistentialisme.$lJapanese
=245  10$6880-01$aJitsuzon shugi /$cPōru Fūrukie cho ; Yanaihara Isaku ; Tajima Sadao kyōyaku.
=264  \1$6880-02$aTōkyō :$bHakusuisha,$c1963.
=300  \\$a1 online resource (144, 3 pages).
=336  \\$atext$btxt$2rdacontent
=337  \\$acomputer$bc$2rdamedia
=338  \\$aonline resource$bcr$2rdacarrier
=490  1\$6880-03$aBunko kuseju ;$v13
=500  \\$aTranslation of: L'Existentialisme.
=504  \\$aIncludes bibliographical references.
=588  \\$aDescription based on print version record.
=650  \0$aExistentialism.
=650  \7$aExistentialism.$2fast$0(OCoLC)fst00918204
=700  1\$6880-04,$aYanaihara, Isaku,$d1918-1989$etranslator.
=700  1\$6880-05,$aTajima, Sadao,$d1925-$etranslator.
=773  0\$tJapanKnowledge
=776  08$6880-06$iPrint version:$aFoulquié, Paul,$sL'existentialisme. Japanese.$tJitsuzon shugi.$d1893-1983
=830  \0$6880-07$aBunko kuseju$v13.
=856  40$3JapanKnowledge$uhttp://japanknowledge.com/lib/display/?lid=8021000130000$yJapanKnowledge Lib
=880  10$6245-01$a実存主義 /$cポール・フールキエ著 ; 矢內原伊作, 田島節夫共訳.
=880  \1$6264-02$a東京 :$b白水社,$c1963.
=880  1\$6490-03$a文庫クセジュ ;$v13
=880  1\$6700-04$a矢內原伊作,$d1918-1989,$etranslator.
=880  1\$6700-05$a田島節夫,$d1925-$etranslator.
=880  08$6776-06$iPrint version:$aFoulquié, Paul, 1893-1983.$sL'existentialisme. Japanese.$t実存主義.$d東京 : 白水社, 1963$w(OCoLC)33646033
=880  \0$6830-07$a文庫クセジュ ;$v13.
=859  \\$aORR$bJapanKnowledge
=CAT  \\$aW1704-1242$b00$c20170509$lBLL01$h0927
=CAT  \\$aBATCH-UPD$b00$c20170509$lBLL01$h0936
=CAT  \\$a5194$b40$c20170816$lBLL01$h1500
=CAT  \\$aBATCH-UPD$b40$c20170816$lBLL01$h1500
=CAT  \\$aW2003-0365$c20200305$lBLL01$h1101
=FIN  \\$aY$d20170509
=SID  \\$aZ30$bOCLC
=SRC  \\$aJapanKnowledge_2017$bJK_OCLC20170203.mrc
=LAS  \\$aW2003-0365$b00$c20200305$lBLL01$h1101

