=LDR  02081 am a22005654i 4500
=001  018338338
=003  Uk
=005  20170106043127.0
=006  m\\\\\o\\d\\\\\\\\
=007  cr\|||||||||||
=008  151214s1997\\\\ja\\\\\gob\\\\001\0\jpnod
=FMT  \\$a  BK
=020  \\$z4560057885
=020  \\$z9784560057889
=035  \\$a(OCoLC)932129295
=040  \\$aCNEAL$beng$cYUS$dOCLCO$dOCLCF$dUk$erda$epn
=041  1\$ajpn$hfre
=050  \4$aP321$b.B78165 1997
=100  1\$aBrucker, Charles,$eauthor.
=240  10$aÉtymologie.$lJapanese
=245  10$6880-01$aGogengaku /$cSharuru Buryukkeru ; Utsumi Toshirō yaku.
=264  \1$6880-02$aTōkyō :$bHakusuisha,$c1997.
=300  \\$a1 online resource.
=336  \\$atext$btxt$2rdacontent
=337  \\$acomputer$bc$2rdamedia
=338  \\$aonline resource$bcr$2rdacarrier
=490  1\$6880-03$aBunko kuseju ;$v788
=500  \\$aTranslation of: L'Étymologie.
=504  \\$aIncludes bibliographical references.
=588  \\$aDescription based on print version.
=650  \0$aLanguage and languages$xEtymology.
=650  \7$aLanguage and languages$xEtymology.$2fast$0(OCoLC)fst00992169
=700  1\$6880-04$aUtsumi, Toshirō,$d1930-
=773  0\$tJapanKnowledge
=776  08$iPrint version:$tGogengaku.
=830  \0$6880-05$aBunko kuseju$v788.
=856  40$3JapanKnowledge$uhttp://japanknowledge.com/lib/display/?lid=8021007880000$yJapanKnowledge Lib
=880  10$6245-01/{dollar}1$a語源学 /$cシャルル・ブリュッケル [著] ; 内海利朗訳
=880  \1$6264-02/{dollar}1$a東京 :$b白水社,$c1997.
=880  1\$6490-03/{dollar}1$a文庫クセジュ ;$v788
=880  1\$6700-04/{dollar}1$a内海, 利朗,$d1930-
=880  \0$6830-05/{dollar}1$a文庫クセジュ ;$v788.
=859  \\$aORR$bJapanKnowledge
=CAT  \\$aW1704-1242$b00$c20170509$lBLL01$h0927
=CAT  \\$aBATCH-UPD$b00$c20170509$lBLL01$h0936
=CAT  \\$aW2003-0365$c20200305$lBLL01$h1101
=FIN  \\$aY$d20170509
=SID  \\$aZ30$bOCLC
=SRC  \\$aJapanKnowledge_2017$bJK_OCLC20170203.mrc
=LAS  \\$aW2003-0365$b00$c20200305$lBLL01$h1101

