=LDR  02090 am a22005654i 4500
=001  018338339
=003  Uk
=005  20170106043127.0
=006  m\\\\\o\\d\\\\\\\\
=007  cr\|||||||||||
=008  151113s1990\\\\ja\\\\\\o\\\\\000\0\jpn\d
=FMT  \\$a  BK
=020  \\$z4560057095
=020  \\$z9784560057094
=035  \\$a(OCoLC)929030642
=040  \\$aYUS$beng$cYUS$dYUS$dOCLCO$dUk$erda$epn
=041  1\$ajpn$hfre
=043  \\$ae-fr---
=245  00$6880-01$aDorēfyusu jiken /$cPiēru Mikeru cho ; Watanabe Kazutami yaku.
=264  \1$6880-02$aTōkyō :$bHakusuisha,$c1990.
=300  \\$a1 online resource.
=336  \\$atext$btxt$2rdacontent
=337  \\$acomputer$bc$2rdamedia
=338  \\$aonline resource$bcr$2rdacarrier
=490  1\$6880-03$aBunko kuseju ;$v709
=588  \\$aDescription based on print version.
=600  10$aDreyfus, Alfred,$d1859-1935.
=600  17$aDreyfus, Alfred,$d1859-1935$2fast$0(OCoLC)fst00054758
=651  \0$aFrance$xPolitics and government$y1870-1940.
=700  1\$6880-04$aWatanabe, Kazutami,$d1932-2013
=700  1\$aMiquel, Pierre,$d1930-2007.
=730  0\$aL'affaire Dreyfus.
=773  0\$tJapanKnowledge
=776  08$iPrint version:$tDorēfyusu jiken.
=830  \0$6880-05$aBunko kuseju$v709.
=856  40$3JapanKnowledge$uhttp://japanknowledge.com/lib/display/?lid=8021007090000$yJapanKnowledge Lib
=880  00$6245-01/{dollar}1$aドレーフュス事件 /$cピエール・ミケル著 ; 渡辺一民訳.
=880  \1$6264-02/{dollar}1$a東京 :$b白水社,$c1990.
=880  1\$6490-03/{dollar}1$a文庫クセジュ ;$v709
=880  1\$6700-04/{dollar}1$a渡辺一民,$d1932-2013.
=880  \0$6830-05/{dollar}1$a文庫クセジュ ;$v709.
=859  \\$aORR$bJapanKnowledge
=CAT  \\$aW1704-1242$b00$c20170509$lBLL01$h0927
=CAT  \\$aBATCH-UPD$b00$c20170509$lBLL01$h0936
=CAT  \\$aBATCH-UPD$b00$c20170509$lBLL01$h0940
=CAT  \\$aW2003-0365$c20200305$lBLL01$h1101
=FIN  \\$aY$d20170509
=SID  \\$aZ30$bOCLC
=SRC  \\$aJapanKnowledge_2017$bJK_OCLC20170203.mrc
=LAS  \\$aW2003-0365$b00$c20200305$lBLL01$h1101

