=LDR  02502 am a22005897a 4500
=001  018338340
=003  Uk
=005  20170106043128.0
=006  m\\\\\o\\d\\\\\\\\
=007  cr\|||||||||||
=008  110215s1968\\\\ja\ab\\\ob\\\\000\0\jpn\d
=FMT  \\$a  BK
=035  \\$a(OCoLC)702006177
=040  \\$aOCLCE$beng$cOCLCE$dCUS$dOCLCQ$dOCLCF$dOCLCQ$dOCLCO$dYUS$dOCLCO$dYUS$dOCLCO$dOCLCQ$dOCLCO$dYUS$dOCLCO$dUk$epn
=041  1\$ajpn$hger
=042  \\$adlr
=043  \\$aas-----
=050  \4$aDS523.3$b.B47 1968
=100  1\$aBernatzik, Hugo Adolf,$d1897-1953.
=240  10$aGeister der gelben Blätter.$lJapanese
=245  10$6880-01$aKiiroi ha no seirei :$bIndoshina sangaku minzokushi /$cBerunatsīku cho ; Ōbayashi Taryō yaku.
=250  \\$6880-02$aShohan.
=260  \\$6880-03$aTōkyō :$bHeibonsha,$cShōwa 43 [1968]
=300  \\$a1 online resource (14, 336, 3 pages) :$billustrations, map.
=336  \\$atext$btxt$2rdacontent
=337  \\$acomputer$bc$2rdamedia
=338  \\$aonline resource$bcr$2rdacarrier
=490  1\$6880-04$aTōyō bunko ;$v108
=504  \\$aIncludes bibliographical references (pages 2-6 (1st group)).
=588  0\$aPrint version record.
=650  \0$aEthnology$zSoutheast Asia.
=650  \7$aEthnology.$2fast$0(OCoLC)fst00916106
=650  \7$aManners and customs.$2fast$0(OCoLC)fst01007815
=651  \0$aSoutheast Asia$xSocial life and customs.
=651  \7$aSoutheast Asia.$2fast$0(OCoLC)fst01240499
=773  0\$tJapanKnowledge
=776  08$iPrint version:$aBernatzik, Hugo Adolf, 1897-1953.$sGeister der gelben Blätter. Japanese.$tKiiroi ha no seirei.$bShohan.$dTōkyō : Heibonsha, Shōwa 43 [1968]
=830  \0$6880-05$aTōyō bunko$v108.
=856  40$3JapanKnowledge$uhttp://japanknowledge.com/lib/display/?lid=80010V0108P0002$yJapanKnowledge Lib
=880  10$6245-01/{dollar}1$a黄色い葉の精霊 :$bインドシナ山岳民族誌 /$cベルナツィーク著 ; 大林太良訳.
=880  \\$6250-02/{dollar}1$a初版.
=880  \\$6260-03/{dollar}1$a東京 :$b平凡社,$c昭和 43 [1968]
=880  1\$6490-04/{dollar}1$a東洋文庫 ;$v108
=880  \0$6830-05/{dollar}1$a東洋文庫 ;$v108.
=859  \\$aORR$bJapanKnowledge
=CAT  \\$aW1704-1242$b00$c20170509$lBLL01$h0927
=CAT  \\$aBATCH-UPD$b00$c20170509$lBLL01$h0936
=CAT  \\$aW2003-0365$c20200305$lBLL01$h1101
=FIN  \\$aY$d20170509
=SID  \\$aZ30$bOCLC
=SRC  \\$aJapanKnowledge_2017$bJK_OCLC20170203.mrc
=LAS  \\$aW2003-0365$b00$c20200305$lBLL01$h1101

