=LDR  03141 am a22007097a 4500
=001  018338341
=003  Uk
=005  20170106043128.0
=006  m\\\\\o\\d\\\\\\\\
=007  cr\|||||||||||
=008  100323s1984\\\\ja\cf\\\ob\\\\000\0bjpn\d
=FMT  \\$a  BK
=019  \\$a301144067$a590661987$a655532174
=035  \\$a(OCoLC)567779200$z(OCoLC)301144067$z(OCoLC)590661987$z(OCoLC)655532174
=040  \\$aOCLCE$beng$cOCLCE$dOCLCQ$dCUS$dOCLCQ$dOCLCO$dOCLCQ$dOCLCA$dOCLCO$dOCLCF$dYUS$dOCLCO$dYUS$dOCLCO$dOCL$dOCLCQ$dYUS$dOCLCO$dUk$epn
=041  1\$ajpn$heng
=042  \\$adlr
=043  \\$aa-ja---
=050  \4$aDA565.P14$bD5316 1984
=100  10$aDickins, F. Victor$q(Frederick Victor),$d1838-1915.
=240  10$aLife of Sir Harry Parkes.$n2.$pMinister plenipotentiary to Japan.$lJapanese
=245  10$6880-01$aPākusu den, Nihon chūzai no hibi /$cF.V. Dikinzu ; Takanashi Kenkichi yaku.
=250  \\$6880-02$aShohan.
=260  \\$6880-03$aTōkyō :$bHeibonsha,$c1984.
=300  \\$a1 online resource (xiii, 371, 16 pages, [1] leaf of plates) :$bportraits.
=336  \\$atext$btxt$2rdacontent
=337  \\$acomputer$bc$2rdamedia
=338  \\$aonline resource$bcr$2rdacarrier
=490  1\$6880-04$aTōyō bunko ;$v429
=504  \\$aIncludes bibliographical references (pages 370-371).
=588  0\$aPrint version record.
=600  10$aParkes, Harry,$cSir,$d1828-1885.
=600  17$aParkes, Harry,$cSir,$d1828-1885$2fast$0(OCoLC)fst00134794
=648  \7$a1868-1912$2fast
=650  \0$aDiplomats$zGreat Britain$vBiography.
=650  \0$aDiplomats$zJapan$vBiography.
=650  \7$aDiplomatic relations.$2fast$0(OCoLC)fst01907412
=650  \7$aDiplomats.$2fast$0(OCoLC)fst00894415
=651  \0$aJapan$xForeign relations$y1868-1912.
=651  \7$aGreat Britain.$2fast$0(OCoLC)fst01204623
=651  \7$aJapan.$2fast$0(OCoLC)fst01204082
=655  \7$aBiography.$2fast$0(OCoLC)fst01423686
=700  1\$6880-05$aTakanashi, Kenkichi,$d1919-2010
=773  0\$tJapanKnowledge
=776  08$iPrint version:$aDickins, F. Victor (Frederick Victor), 1838-1915.$sLife of Sir Harry Parkes. 2. Minister plenipotentiary to Japan. Japanese.$tPākusu den, Nihon chūzai no hibi.$bShohan.$dTōkyō : Heibonsha, 1984
=830  \0$6880-06$aTōyō bunko$v429.
=856  40$3JapanKnowledge$uhttp://japanknowledge.com/lib/display/?lid=80010V0429P0002$yJapanKnowledge Lib
=880  10$6245-01/{dollar}1$aパークス伝・日本駐在の日々 /$cF.V. ディキンズ ; 高梨健吉訳.
=880  \\$6250-02/{dollar}1$a初版.
=880  \\$6260-03/{dollar}1$a東京 :$b平凡社,$c1984.
=880  1\$6490-04/{dollar}1$a東洋文庫 ;$v429
=880  1\$6700-05/{dollar}1$a高梨健吉,$d1919-
=880  \0$6830-06/{dollar}1$a東洋文庫 ;$v429.
=859  \\$aORR$bJapanKnowledge
=CAT  \\$aW1704-1242$b00$c20170509$lBLL01$h0927
=CAT  \\$aBATCH-UPD$b00$c20170509$lBLL01$h0936
=CAT  \\$aBATCH-UPD$b00$c20170509$lBLL01$h0940
=CAT  \\$aW2003-0365$c20200305$lBLL01$h1101
=FIN  \\$aY$d20170509
=SID  \\$aZ30$bOCLC
=SRC  \\$aJapanKnowledge_2017$bJK_OCLC20170203.mrc
=LAS  \\$aW2003-0365$b00$c20200305$lBLL01$h1101

