=LDR  02276 am a22005414i 4500
=001  018338342
=003  Uk
=005  20170106043128.0
=006  m\\\\\o\\d\\\\\\\\
=007  cr\|||||||||||
=008  151113s2006\\\\ja\\\\\\od\\\\000\0\jpn\d
=FMT  \\$a  BK
=020  \\$z409506062X
=020  \\$z9784095060620
=035  \\$a(OCoLC)929030772
=040  \\$aYUS$beng$cYUS$dOCLCO$dYUS$dOCLCO$dOCLCF$dUk$erda$epn
=245  00$6880-01$aPoketto puroguresshibu Futsu-Wa Wa-Futsu jiten =$bDictionnaire de poche français-japonais japonais-français /$cŌga Masayoshi kanshū ; Tagiri Masahiko hen.
=246  31$aDictionnaire de poche français-japonais japonais-français
=250  \\$6880-02$aDai 3-han.
=264  \1$6880-03$aTōkyō :$bShōgakkan,$c2006.
=300  \\$a1 online resource
=336  \\$atext$btxt$2rdacontent
=337  \\$acomputer$bc$2rdamedia
=338  \\$aonline resource$bcr$2rdacarrier
=588  \\$aDescription based on print version.
=650  \0$aFrench language$vDictionaries$xJapanese.
=650  \0$aJapanese language$vDictionaries$xFrench.
=650  \7$aFrench language.$2fast$0(OCoLC)fst00934333
=650  \7$aJapanese language.$2fast$0(OCoLC)fst00981565
=655  \7$aDictionaries.$2fast$0(OCoLC)fst01423826
=700  1\$6880-04$aŌga, Masayoshi.
=700  1\$6880-05$aTagiri, Masahiko.
=773  0\$tJapanKnowledge
=776  08$iPrint version:$tPoketto puroguresshibu futsuwa wafutsu jiten
=856  40$3JapanKnowledge$uhttp://japanknowledge.com/lib/search/basic/index.html?cids=42250%2C42251$yJapanKnowledge Lib
=880  00$6245-01/{dollar}1$aポケットプログレッシブ仏和・和仏辞典 =$bDictionnaire de poche français-japonais japonais-français /$c大賀正喜監修 ; 田桐正彦編.
=880  \\$6250-02/{dollar}1$a第3版.
=880  \1$6264-03/{dollar}1$a東京 :$b小学館,$c2006.
=880  1\$6700-04/{dollar}1$a大賀正喜.
=880  1\$6700-05/{dollar}1$a田桐正彦.
=859  \\$aORR$bJapanKnowledge
=CAT  \\$aW1704-1242$b00$c20170509$lBLL01$h0927
=CAT  \\$aBATCH-UPD$b00$c20170509$lBLL01$h0936
=CAT  \\$aW2003-0365$c20200305$lBLL01$h1101
=FIN  \\$aY$d20170509
=SID  \\$aZ30$bOCLC
=SRC  \\$aJapanKnowledge_2017$bJK_OCLC20170203.mrc
=LAS  \\$aW2003-0365$b00$c20200305$lBLL01$h1101

