=LDR  02182 am a22005654i 4500
=001  018338343
=003  Uk
=005  20170106043129.0
=006  m\\\\\o\\d\\\\\\\\
=007  cr\|||||||||||
=008  151113s2008\\\\ja\\\\\\o\\\\\000\0\jpn\d
=FMT  \\$a  BK
=020  \\$z4560509247
=020  \\$z9784560509241
=035  \\$a(OCoLC)929031301
=040  \\$aCNEAL$beng$cYUS$dOCLCO$dYUS$dOCLCO$dOCLCF$dOCL$dUk$erda$epn
=050  \4$aPQ671$b.R28165 2008
=100  1\$aRabaté, Dominique,$eauthor.
=240  10$aRoman fraṅais depuis 1900.$lJapanese
=245  10$6880-01$aNijisseiki Furansu shōsetsu /$cDominikku Rabate cho ; Mitsubori Kōichirō yaku.
=264  \1$6880-02$aTōkyō :$bHakusuisha,$c2008.
=300  \\$a1 online resource.
=336  \\$atext$btxt$2rdacontent
=337  \\$acomputer$bc$2rdamedia
=338  \\$aonline resource$bcr$2rdacarrier
=490  1\$6880-03$aBunko kuseju ;$v924
=500  \\$aTranslation of: Le roman fraṅais depuis 1900.
=588  \\$aDescription based on print version.
=648  \7$a1900-1999$2fast
=650  \0$aFrench fiction$y20th century$xHistory.
=650  \7$aFrench fiction.$2fast$0(OCoLC)fst00934302
=655  \7$aHistory.$2fast$0(OCoLC)fst01411628
=700  1\$6880-04$aMitsubori, Kōichirō.
=773  0\$tJapanKnowledge
=776  08$iPrint version:$tNijisseiki furansu shōsetsu
=830  \0$6880-05$aBunko kuseju$v924.
=856  40$3JapanKnowledge$uhttp://japanknowledge.com/lib/display/?lid=8021009240000$yJapanKnowledge Lib
=880  10$6245-01/{dollar}1$a二十世紀フランス小說 /$cドミニク・ラバテ著 ; 三ツ堀広一郎訳.
=880  \1$6264-02/{dollar}1$a東京 :$b白水社,$c2008.
=880  1\$6490-03/{dollar}1$a文庫クセジュ ;$v924
=880  1\$6700-04/{dollar}1$a三ツ堀広一郎.
=880  \0$6830-05/{dollar}1$a文庫クセジュ ;$v924.
=859  \\$aORR$bJapanKnowledge
=CAT  \\$aW1704-1242$b00$c20170509$lBLL01$h0927
=CAT  \\$aBATCH-UPD$b00$c20170509$lBLL01$h0936
=CAT  \\$aW2003-0365$c20200305$lBLL01$h1101
=FIN  \\$aY$d20170509
=SID  \\$aZ30$bOCLC
=SRC  \\$aJapanKnowledge_2017$bJK_OCLC20170203.mrc
=LAS  \\$aW2003-0365$b00$c20200305$lBLL01$h1101

