=LDR  02603cam a22006257a 4500
=001  018338344
=003  Uk
=005  20170106043129.0
=006  m\\\\\o\\d\\\\\\\\
=007  cr\|||||||||||
=008  100608s1964\\\\ja\a\\\\o\\\\\000\0ajpn\d
=FMT  \\$a  BK
=019  \\$a300557011
=035  \\$a(OCoLC)639438997$z(OCoLC)300557011
=040  \\$aOCLCE$beng$cOCLCE$dOCLCQ$dOCLCO$dCUS$dOCLCQ$dOCLCF$dYUS$dOCLCO$dYUS$dOCLCO$dOCLCQ$dYUS$dOCLCO$dUk$epn
=041  1\$ajpn$heng
=042  \\$adlr
=050  \4$aCT1838.H4$bA316 1964
=100  1\$aHeco, Joseph,$d1837-1897.
=240  10$aNarrative of a Japanese.$lJapanese
=245  10$6880-01$aAmerika Hikozō jiden /$cNakagawa Tsutomu, Yamaguchi Osamu yaku.
=260  \\$6880-02$aTōkyō :$bHeibonsha,$cShōwa 39 [1964]
=300  \\$a1 online resource (2 volumes) :$billustrations.
=336  \\$atext$btxt$2rdacontent
=337  \\$acomputer$bc$2rdamedia
=338  \\$aonline resource$bcr$2rdacarrier
=490  1\$6880-03$aTōyō bunko ;$v13, 22
=588  0\$aPrint version record.
=600  10$aHeco, Joseph,$d1837-1897.
=600  17$aHeco, Joseph,$d1837-1897$2fast$0(OCoLC)fst00097265
=700  1\$6880-04$aNakagawa, Tsutomu,$d1920-
=700  1\$6880-05$aYamaguchi, Osamu,$d1924-1998
=773  0\$tJapanKnowledge
=776  08$iPrint version:$aHeco, Joseph, 1837-1897.$sNarrative of a Japanese. Japanese.$tAmerika Hikozō jiden.$dTōkyō : Heibonsha, Shōwa 39 [1964]
=830  \0$6880-06$aTōyō bunko$v13, 22.
=856  40$3JapanKnowledge Volume 1$uhttp://japanknowledge.com/lib/display/?lid=80010V0013P0002$yJapanKnowledge Lib
=856  40$3JapanKnowledge Volume 2$uhttp://japanknowledge.com/lib/display/?lid=80010V0022P0002$yJapanKnowledge Lib
=880  10$6245-01/{dollar}1$aアメリカ彥蔵自伝 /$c中川努, 山口修訳.
=880  \\$6260-02/{dollar}1$a東京 :$b平凡社,$c昭和39 [1964]
=880  3\$6246-00/{dollar}1$aアメリカ彦蔵自伝
=880  \\$6250-00/{dollar}1$a初版.
=880  1\$6490-03/{dollar}1$a東洋文庫 ;$v13, 22
=880  1\$6700-04/{dollar}1$a中川努,$d1920-
=880  1\$6700-05/{dollar}1$a山口修,$d1924-
=880  \0$6830-06/{dollar}1$a東洋文庫 ;$v13, 22.
=859  \\$aORR$bJapanKnowledge
=CAT  \\$aW1704-1242$b00$c20170509$lBLL01$h0927
=CAT  \\$aBATCH-UPD$b00$c20170509$lBLL01$h0936
=CAT  \\$aBATCH-UPD$b00$c20170509$lBLL01$h0940
=CAT  \\$aW2003-0365$c20200305$lBLL01$h1101
=CAT  \\$aBATCH-UPD$b00$c20220405$lBLL01$h2019
=FIN  \\$aY$d20170509
=SID  \\$aZ30$bOCLC
=SRC  \\$aJapanKnowledge_2017$bJK_OCLC20170203.mrc
=LAS  \\$aBATCH-UPD$b00$c20220405$lBLL01$h2019

