=LDR  02120 am a22005894i 4500
=001  018338345
=003  Uk
=005  20170106043129.0
=006  m\\\\\o\\d\\\\\\\\
=007  cr\|||||||||||
=008  151113s1998\\\\ja\\\\\\o\\\\\000\0\jpn\d
=FMT  \\$a  BK
=020  \\$z4560058083
=020  \\$z9784560058084
=035  \\$a(OCoLC)929030489
=040  \\$aYUS$beng$cYUS$dOCLCO$dYUS$dOCLCO$dOCLCF$dOCLCO$dUk$erda$epn
=041  1\$ajpn$hfre
=043  \\$ae-fr---
=245  00$6880-01$aOmocha no rekishi /$cFuransowa Temeru cho ; Matsumura Eri yaku.
=264  \1$6880-02$aTōkyō :$bHakusuisha,$c1998.
=300  \\$a1 online resource.
=336  \\$atext$btxt$2rdacontent
=337  \\$acomputer$bc$2rdamedia
=338  \\$aonline resource$bcr$2rdacarrier
=490  1\$6880-03$aBunko kuseju ;$v808
=588  \\$aDescription based on print version.
=650  \0$aToys$zFrance$xHistory.
=650  \0$aDolls$zFrance$xHistory.
=650  \7$aDolls.$2fast$0(OCoLC)fst00896460
=650  \7$aToys.$2fast$0(OCoLC)fst01153487
=651  \7$aFrance.$2fast$0(OCoLC)fst01204289
=655  \7$aHistory.$2fast$0(OCoLC)fst01411628
=700  1\$6880-04$aMatsumura, Eri.
=700  1\$aTheimer, François,$d1949-
=730  0\$aJouets.
=773  0\$tJapanKnowledge
=776  08$iPrint version:$tOmocha no rekishi.
=830  \0$6880-05$aBunko kuseju$v808.
=856  40$3JapanKnowledge$uhttp://japanknowledge.com/lib/display/?lid=8021008080000$yJapanKnowledge Lib
=880  00$6245-01/{dollar}1$aおもちゃの歴史 /$cフランソワ・テメル著 ; 松村恵理訳.
=880  \1$6264-02/{dollar}1$a東京 :$b白水社,$c1998.
=880  1\$6490-03/{dollar}1$a文庫クセジュ ;$v808
=880  1\$6700-04/{dollar}1$a松村恵理.
=880  \0$6830-05/{dollar}1$a文庫クセジュ ;$v808.
=859  \\$aORR$bJapanKnowledge
=CAT  \\$aW1704-1242$b00$c20170509$lBLL01$h0927
=CAT  \\$aBATCH-UPD$b00$c20170509$lBLL01$h0936
=CAT  \\$aW2003-0365$c20200305$lBLL01$h1101
=FIN  \\$aY$d20170509
=SID  \\$aZ30$bOCLC
=SRC  \\$aJapanKnowledge_2017$bJK_OCLC20170203.mrc
=LAS  \\$aW2003-0365$b00$c20200305$lBLL01$h1101

