=LDR  02292 am a22005534i 4500
=001  018338346
=003  Uk
=005  20170106043129.0
=006  m\\\\\o\\d\\\\\\\\
=007  cr\|||||||||||
=008  151113s1954\\\\ja\\\\\\ob\\\\001\0\jpn\d
=FMT  \\$a  BK
=035  \\$a(OCoLC)929028659
=040  \\$aSTF$beng$cYUS$dOCLCO$dYUS$dOCLCO$dOCLCF$dUk$erda$epn
=041  1\$ajpn$hfre
=050  \4$aD157$b.G76163 1954
=100  1\$aGrousset, René,$d1885-1952,$eauthor.
=240  10$aCroisades.$lJapanese
=245  00$6880-01$aJūjigun /$cRune Gurusse cho ; Hashiguchi Tomosuke yaku.
=264  \1$6880-02$aTōkyō :$bHakusuisha,$c1954.
=300  \\$a1 online resource (147, 4 pages).
=336  \\$atext$btxt$2rdacontent
=337  \\$acomputer$bc$2rdamedia
=338  \\$aonline resource$bcr$2rdacarrier
=490  1\$6880-03$aBunko kuseju ;$v133
=500  \\$aTranslation of: Les croisades, 1944, 2e éd., 1948.
=504  \\$aIncludes bibliographical references and index.
=588  \\$aDescription based on print version.
=650  \0$aCrusades.
=650  \7$aCrusades.$2fast$0(OCoLC)fst00884401
=700  1\$6880-04,$aHashiguchi, Tomosuke,$d1921-2002$etranslator.
=773  0\$tJapanKnowledge
=776  08$6880-05$iPrint version:$aGrousset, René, 1885-1952.$sLes croisades. Japanese.$tJūjigun.$dTōkyō : Hakusuisha, 1954
=830  \0$6880-06$aBunko kuseju$v133.
=856  40$3JapanKnowledge$uhttp://japanknowledge.com/lib/display/?lid=8021001330000$yJapanKnowledge Lib
=880  00$6245-01$a十字軍 /$cルネ・グルッセ著 ; 橋口倫介訳.
=880  \1$6264-02$a東京 :$b白水社,$c1954.
=880  1\$6490-03$a文庫クセジュ ;$v133
=880  1\$6700-04$a橋口倫介,$d1921-2002,$etranslator.
=880  08$6776-05$iPrint version:$aGrousset, René, 1885-1952.$sLes croisades. Japanese.$t十字軍.$d東京 : 白水社, 1954$w(OCoLC)33646973
=880  \0$6830-06$a文庫クセジュ ;$v133.
=859  \\$aORR$bJapanKnowledge
=CAT  \\$aW1704-1242$b00$c20170509$lBLL01$h0927
=CAT  \\$aBATCH-UPD$b00$c20170509$lBLL01$h0936
=CAT  \\$aW2003-0365$c20200305$lBLL01$h1101
=FIN  \\$aY$d20170509
=SID  \\$aZ30$bOCLC
=SRC  \\$aJapanKnowledge_2017$bJK_OCLC20170203.mrc
=LAS  \\$aW2003-0365$b00$c20200305$lBLL01$h1101

