=LDR  02960 am a22006737a 4500
=001  018338347
=003  Uk
=005  20170106043130.0
=006  m\\\\\o\\d\\\\\\\\
=007  cr\|||||||||||
=008  100420m19671968ja\a\\\\o\\\\\000\0bjpn\d
=FMT  \\$a  BK
=019  \\$a297329885$a655235156
=020  \\$z4582800882$q(v. 1)
=020  \\$z4582800955$q(v. 2)
=020  \\$z458280098X$q(v. 3)
=020  \\$z9784582800883$q(v. 1)
=020  \\$z9784582800951$q(v. 2)
=020  \\$z9784582800982$q(v. 3)
=035  \\$a(OCoLC)608387804$z(OCoLC)297329885$z(OCoLC)655235156
=040  \\$aOCLCE$beng$cOCLCE$dOCLCQ$dCUS$dOCLCQ$dOCLCO$dOCLCQ$dOCLCF$dYUS$dOCLCO$dYUS$dOCLCO$dOCLCQ$dYUS$dOCLCO$dUk$epn
=042  \\$adlr
=050  \4$aDS884.T62$bS5
=100  1\$6880-01$aShibusawa, Eiichi,$d1840-1931
=245  10$6880-02$aTokugawa Yoshinobu Kō den /$cShibusawa Eiichi cho ; Fujii Sadafumi kaisetsu.
=250  \\$6880-03$aShohan.
=260  \\$6880-04$aTōkyō :$bHeibonsha,$c1967-1968.
=300  \\$a1 online resource (4 volumes) :$billustrations.
=336  \\$atext$btxt$2rdacontent
=337  \\$acomputer$bc$2rdamedia
=338  \\$aonline resource$bcr$2rdacarrier
=490  1\$6880-05$aTōyō bunko ;$v88, 95, 98, 107
=588  0\$aPrint version record.
=600  10$6880-06$aTokugawa, Yoshinobu,$d1837-1913
=600  17$aTokugawa, Yoshinobu,$d1837-1913$2fast$0(OCoLC)fst00091053
=700  1\$6880-07$aFujii, Sadafumi,$d1906-1994
=773  0\$tJapanKnowledge
=776  08$iPrint version:$aShibusawa, Eiichi, 1840-1931.$tTokugawa Yoshinobu Kō den.$bShohan.$dTōkyō : Heibonsha, 1967-1968
=830  \0$6880-08$aTōyō bunko$v88, 95, 98, 107.
=856  40$3JapanKnowledge Volume 1$uhttp://japanknowledge.com/lib/display/?lid=80010V0088P0002$yJapanKnowledge Lib
=856  40$3JapanKnowledge Volume 2$uhttp://japanknowledge.com/lib/display/?lid=80010V0095P0002$yJapanKnowledge Lib
=856  40$3JapanKnowledge Volume 3$uhttp://japanknowledge.com/lib/display/?lid=80010V0098P0002$yJapanKnowledge Lib
=856  40$3JapanKnowledge Volume 4$uhttp://japanknowledge.com/lib/display/?lid=80010V0107P0002$yJapanKnowledge Lib
=880  1\$6100-01/{dollar}1$a渋沢栄一,$d1840-1931.
=880  10$6245-02/{dollar}1$a德川慶喜公伝 /$c渋沢栄一著 ; 藤井貞文解說.
=880  \\$6250-03/{dollar}1$a初版.
=880  \\$6260-04/{dollar}1$a東京 :$b平凡社,$c1967-1968.
=880  1\$6490-05/{dollar}1$a東洋文庫 ;$v88, 95, 98, 107
=880  14$6600-06/{dollar}1$a德川慶喜,$d1837-1913.
=880  1\$6700-07/{dollar}1$a藤井貞文,$d1906-1994.
=880  \0$6830-08/{dollar}1$a東洋文庫 ;$v88, 95, 98, 107.
=859  \\$aORR$bJapanKnowledge
=CAT  \\$aW1704-1242$b00$c20170509$lBLL01$h0927
=CAT  \\$aBATCH-UPD$b00$c20170509$lBLL01$h0936
=CAT  \\$aW2003-0365$c20200305$lBLL01$h1101
=FIN  \\$aY$d20170509
=SID  \\$aZ30$bOCLC
=SRC  \\$aJapanKnowledge_2017$bJK_OCLC20170203.mrc
=LAS  \\$aW2003-0365$b00$c20200305$lBLL01$h1101

