=LDR  02432 am a22006017  4500
=001  018338348
=003  Uk
=005  20170106043130.0
=006  m\\\\\o\\d\\\\\\\\
=007  cr\un|||||||||
=008  090107s1970\\\\ja\b\\\\o\\\\\000\0\jpn\d
=FMT  \\$a  BK
=019  \\$a645401477
=035  \\$a(OCoLC)297242684$z(OCoLC)645401477
=040  \\$aOCLCE$beng$cOCLCE$dOCLCQ$dCUS$dOCLCQ$dOCLCO$dOCLCQ$dOCLCF$dYUS$dOCLCO$dYUS$dOCLCO$dOCL$dOCLCQ$dYUS$dOCLCO$dUk$epn
=042  \\$adlr
=043  \\$aa-cc---
=050  \4$aDS773$b.F316
=100  1\$aFarjenel, Fernand,$d-1918.
=240  10$aTravers la révolution chinoise.$lJapanese
=245  10$6880-01$aShingai Kakumei kenbunki$cFarujuneru cho, Ishikawa Yū, Ishikawa Fumi yaku.
=250  \\$6880-02$aShohan.
=260  \\$6880-03$aTōkyō,$bHeibonsha,$cShōwa 45 [1970]
=300  \\$a1 online resource (404 pages)$bmaps.
=336  \\$atext$btxt$2rdacontent
=337  \\$acomputer$bc$2rdamedia
=338  \\$aonline resource$bcr$2rdacarrier
=490  1\$6880-04$aTōyō bunko,$v165
=588  0\$aPrint version record.
=611  27$aRevolution (China : 1911-1912)$2fast$0(OCoLC)fst01354494
=648  \7$a1911-1912$2fast
=651  \0$aChina$xHistory$yRevolution, 1911-1912.
=651  \7$aChina.$2fast$0(OCoLC)fst01206073
=655  \7$aHistory.$2fast$0(OCoLC)fst01411628
=773  0\$tJapanKnowledge
=776  08$iPrint version:$aFarjenel, Fernand, -1918.$sTravers la révolution chinoise. Japanese.$tShingai Kakumei kenbunki.$dTōkyō, Heibonsha, Shōwa 45 [1970]
=830  \0$6880-05$aTōyō bunko$v165.
=856  40$3JapanKnowledge$uhttp://japanknowledge.com/lib/display/?lid=80010V0165P0002$yJapanKnowledge Lib
=880  10$6245-01/{dollar}1$a辛亥革命見聞記$cファルジュネル著, 石川湧, 石川布美訳.
=880  \\$6250-02/{dollar}1$a初版.
=880  \\$6260-03/{dollar}1$a東京,$b平凡社,$c昭和45 [1970]
=880  1\$6490-04/{dollar}1$a東洋文庫,$v165
=880  1\$6700-00/{dollar}1$a石川布美,$d1936-
=880  1\$6700-00/{dollar}1$a石川湧,$d1906-
=880  \0$6830-05/{dollar}1$a東洋文庫 ;$v165.
=859  \\$aORR$bJapanKnowledge
=CAT  \\$aW1704-1242$b00$c20170509$lBLL01$h0927
=CAT  \\$aBATCH-UPD$b00$c20170509$lBLL01$h0936
=CAT  \\$aW2003-0365$c20200305$lBLL01$h1101
=FIN  \\$aY$d20170509
=SID  \\$aZ30$bOCLC
=SRC  \\$aJapanKnowledge_2017$bJK_OCLC20170203.mrc
=LAS  \\$aW2003-0365$b00$c20200305$lBLL01$h1101

