=LDR  02638 am a2200637 a 4500
=001  018338349
=003  Uk
=005  20170106043131.0
=006  m\\\\\o\\d\\\\\\\\
=007  cr\|||||||||||
=008  100315s1966\\\\ja\\\\\\o\\\\\000\0bjpn\d
=FMT  \\$a  BK
=019  \\$a297291674
=035  \\$a(OCoLC)555977732$z(OCoLC)297291674
=040  \\$aOCLCE$beng$cOCLCE$dOCLCQ$dCUS$dOCLCQ$dOCLCO$dOCLCQ$dOCLCO$dOCLCF$dYUS$dOCLCO$dYUS$dOCLCO$dOCLCQ$dYUS$dOCLCO$dUk$epn
=041  1\$ajpn$heng
=042  \\$adlr
=043  \\$an-us---$aa-ja---
=050  \4$aDS881.3$b.C7
=100  1\$aCrow, Carl,$d1883-1945.
=240  10$aHarris of Japan.$lJapanese
=245  10$6880-01$aHarisu den :$bNihon no tobira o hiraita otoko /$cKāru Kurou cho, Tasaka Chōjirō yaku.
=260  \\$6880-02$aTōkyō :$bHeibonsha,$c1966.
=300  \\$a1 online resource (2, 3, 4, 272 pages).
=336  \\$atext$btxt$2rdacontent
=337  \\$acomputer$bc$2rdamedia
=338  \\$aonline resource$bcr$2rdacarrier
=490  1\$6880-03$aTōyō bunko ;$v61
=500  \\$aTraslation of: Harris of Japan : He opened the door of Japan.
=588  0\$aPrint version record.
=600  10$aHarris, Townsend,$d1804-1878.
=600  17$aHarris, Townsend,$d1804-1878$2fast$0(OCoLC)fst00008570
=650  \7$aDiplomatic relations.$2fast$0(OCoLC)fst01907412
=651  \0$aJapan$xForeign relations$zUnited States.
=651  \0$aUnited States$xForeign relations$zJapan.
=651  \7$aJapan.$2fast$0(OCoLC)fst01204082
=651  \7$aUnited States.$2fast$0(OCoLC)fst01204155
=700  1\$6880-04$aTasaka, Chōjirō,$d1903-1992
=773  0\$tJapanKnowledge
=776  08$iPrint version:$aCrow, Carl, 1883-1945.$sHarris of Japan. Japanese.$tHarisu den.$dTōkyō : Heibonsha, 1966
=830  \0$6880-05$aTōyō bunko$v61.
=856  40$3JapanKnowledge$uhttp://japanknowledge.com/lib/display/?lid=80010V0061P0002$yJapanKnowledge Lib
=880  10$6245-01/{dollar}1$aハリス伝 :$b日本の扉を開いた男 /$cカール・クロウ著, 田坂長次郎訳.
=880  \\$6260-02/{dollar}1$a東京 :$b平凡社,$c1966.
=880  1\$6490-03/{dollar}1$a東洋文庫 ;$v61
=880  1\$6700-04/{dollar}1$a田坂長次郎,$d1903-1992.
=880  \0$6830-05/{dollar}1$a東洋文庫 ;$v61.
=859  \\$aORR$bJapanKnowledge
=CAT  \\$aW1704-1242$b00$c20170509$lBLL01$h0927
=CAT  \\$aBATCH-UPD$b00$c20170509$lBLL01$h0936
=CAT  \\$aBATCH-UPD$b00$c20170509$lBLL01$h0940
=CAT  \\$aW2003-0365$c20200305$lBLL01$h1101
=FIN  \\$aY$d20170509
=SID  \\$aZ30$bOCLC
=SRC  \\$aJapanKnowledge_2017$bJK_OCLC20170203.mrc
=LAS  \\$aW2003-0365$b00$c20200305$lBLL01$h1101

