=LDR  02215 am a22005894i 4500
=001  018338350
=003  Uk
=005  20170106043131.0
=006  m\\\\\o\\d\\\\\\\\
=007  cr\|||||||||||
=008  151112s1978\\\\ja\\\\\\ob\\\\000\0\jpn\d
=FMT  \\$a  BK
=020  \\$z4560056153
=020  \\$z9784560056158
=035  \\$a(OCoLC)928950198
=040  \\$aYUS$beng$cYUS$dOCLCO$dYUS$dOCLCO$dUk$erda$epn
=041  1\$ajpn$hfre
=050  \4$aJC481$b.M48163 1978
=100  1\$aMichel, Henri,$d1907-1986,$eauthor,$eauthor.
=240  10$aFascismes.$lJapanese
=245  10$6880-01$aFashizumu =$bLes fascismes /$cAnri Misheru cho ; Hasegawa Kimiaki yaku.
=246  11$aFascismes
=264  \1$6880-02$aTōkyō :$bHakusuisha,$c1978.
=300  \\$a1 online resource.
=336  \\$atext$btxt$2rdacontent
=337  \\$acomputer$bc$2rdamedia
=338  \\$aonline resource$bcr$2rdacarrier
=490  1\$6880-03$aBunko kuseju ;$v615
=500  \\$aTranslation of: Les fascismes / Henri Michel. 1977.
=504  \\$6880-04$aIncludes bibliographical references (pages i-iii).
=588  \\$aDescription based on print version.
=650  \0$aFascism.
=650  \7$aFascism.$2fast$0(OCoLC)fst00921551
=700  1\$6880-06,$aHasegawa, Kimiaki,$d1929-$etranslator.
=773  0\$tJapanKnowledge
=776  08$iPrint version:$tFashizumu
=830  \0$6880-07$aBunko kuseju$v615.
=856  40$3JapanKnowledge$uhttp://japanknowledge.com/lib/display/?lid=8021006150000$yJapanKnowledge Lib
=880  10$6245-01$aファシズム =$bLes fascismes /$cアンリ・ミシェル著 ; 長谷川公昭訳.
=880  \1$6264-02$a東京 :$b白水社,$c一九七八.
=880  1\$6490-03$a文庫クセジュ ;$v615
=880  \\$6504-04$a卷末:参考文献(3p).
=880  1\$6700-06$a長谷川公昭,$d1929-$etranslator.
=880  \0$6830-07$a文庫クセジュ ;$v615.
=859  \\$aORR$bJapanKnowledge
=CAT  \\$aW1704-1242$b00$c20170509$lBLL01$h0927
=CAT  \\$aBATCH-UPD$b00$c20170509$lBLL01$h0936
=CAT  \\$aW2003-0365$c20200305$lBLL01$h1101
=FIN  \\$aY$d20170509
=SID  \\$aZ30$bOCLC
=SRC  \\$aJapanKnowledge_2017$bJK_OCLC20170203.mrc
=LAS  \\$aW2003-0365$b00$c20200305$lBLL01$h1101

