=LDR  03267 am a22008057a 4500
=001  018338351
=003  Uk
=005  20170106043131.0
=006  m\\\\\o\\d\\\\\\\\
=007  cr\|||||||||||
=008  111006s2000\\\\ja\a\\\\ob\\\\000\0\jpn\d
=FMT  \\$a  BK
=019  \\$a301179394
=020  \\$z4582806694
=020  \\$z9784582806694
=035  \\$a(OCoLC)755997897$z(OCoLC)301179394
=040  \\$aOCLCE$beng$cOCLCE$dCUS$dOCLCQ$dOCLCF$dOCLCQ$dYUS$dOCLCO$dYUS$dOCLCO$dOCLCQ$dYUS$dOCLCO$dUk$epn
=042  \\$adlr
=043  \\$aaw-----
=050  \4$aPJ7737$b.M34 2000
=084  \\$a929.763$2njb/9
=100  1\$6880-01$aMaejima, Shinji,$d1903-
=245  10$6880-02$aSen'ya ichiya monogatari to Chūtō bunka /$cMaejima Shinji cho ; Sugita Hideaki hen.
=250  \\$6880-03$aShohan.
=260  \\$6880-04$aTōkyō :$bHeibonsha,$c2000.
=300  \\$a1 online resource (475 pages) :$billustrations.
=336  \\$atext$btxt$2rdacontent
=337  \\$acomputer$bc$2rdamedia
=338  \\$aonline resource$bcr$2rdacarrier
=490  1\$6880-05$aTōyō bunko ;$v669
=490  1\$6880-06$aMaejima Shinji chosakusen ;$v1
=504  \\$aIncludes bibliographical references.
=588  0\$aPrint version record.
=630  00$aArabian nights.
=630  07$aArabian nights.$2fast$0(OCoLC)fst01356541
=650  \0$aCivilization, Arab.
=650  \7$aCivilization, Arab.$2fast$0(OCoLC)fst00862967
=650  \7$aCivilization.$2fast$0(OCoLC)fst00862898
=650  07$6880-07$aSen ichiya monogatari.$2jlabsh/3
=650  07$6880-08$aIsuramuken-Rekishi.$2jlabsh/3
=651  \0$aIslamic countries$xCivilization.
=651  \0$aMiddle East$xCivilization.
=651  \7$aIslamic countries.$2fast$0(OCoLC)fst01244130
=651  \7$aMiddle East.$2fast$0(OCoLC)fst01241586
=700  1\$6880-09$aSugita, Hideaki,$d1956-
=773  0\$tJapanKnowledge
=776  08$iPrint version:$aMaejima, Shinji, 1903-$tSen'ya ichiya monogatari to Chūtō bunka.$bShohan.$dTōkyō : Heibonsha, 2000$z4582806694$z9784582806694
=830  \0$6880-10$aTōyō bunko$v669.
=830  \0$6880-11$aMaejima Shinji chosakusen ;$v1.
=856  40$3JapanKnowledge$uhttp://japanknowledge.com/lib/display/?lid=80010V0669P0002$yJapanKnowledge Lib
=880  1\$6100-01/{dollar}1$a前嶋信次,$d1903-
=880  10$6245-02/{dollar}1$a千夜一夜物語と中東文化 /$c前嶋信次著 ; 杉田英明編.
=880  \\$6250-03/{dollar}1$a初版.
=880  \\$6260-04/{dollar}1$a東京 :$b平凡社,$c2000.
=880  1\$6490-05/{dollar}1$a東洋文庫 ;$v669
=880  1\$6490-06/{dollar}1$a前嶋信次著作選 ;$v1
=880  07$6650-07/{dollar}1$a千一夜物語.$2jlabsh/3
=880  07$6650-08/{dollar}1$aイスラム〓-歴史.$2jlabsh/3
=880  1\$6700-09/{dollar}1$a杉田英明,$d1956-
=880  \0$6830-10/{dollar}1$a東洋文庫 ;$v669.
=880  \0$6830-11/{dollar}1$a前嶋信次著作選 ;$v1.
=880  1\$6800-00/{dollar}1$a前嶋信次,$d1903-$tWorks.$kSelections.$f2000 ;v1.
=859  \\$aORR$bJapanKnowledge
=CAT  \\$aW1704-1242$b00$c20170509$lBLL01$h0927
=CAT  \\$aBATCH-UPD$b00$c20170509$lBLL01$h0936
=CAT  \\$aW2003-0365$c20200305$lBLL01$h1101
=FIN  \\$aY$d20170509
=SID  \\$aZ30$bOCLC
=SRC  \\$aJapanKnowledge_2017$bJK_OCLC20170203.mrc
=LAS  \\$aW2003-0365$b00$c20200305$lBLL01$h1101

