=LDR  02214 am a22005894i 4500
=001  018338352
=003  Uk
=005  20170106043132.0
=006  m\\\\\o\\d\\\\\\\\
=007  cr\|||||||||||
=008  151113s1972\\\\ja\\\\\\ob\\\\000\0\jpn\d
=FMT  \\$a  BK
=020  \\$z456005519X
=020  \\$z9784560055199
=035  \\$a(OCoLC)929031101
=040  \\$aCNEAL$beng$cYUS$dOCLCO$dYUS$dOCLCO$dOCLCF$dUk$erda$epn
=041  1\$ajpn$hfre
=050  \4$aBF723.C5$bP53167 1972
=100  1\$aPiaget, Jean,$d1896-1980,$eauthor.
=245  10$6880-01$aHasseiteki ninshikiron /$cJan Piaje cho ; Takizawa Takehisa yaku.
=264  \1$6880-02$aTōkyō :$bHakusuisha,$c1972.
=300  \\$a1 online resource.
=336  \\$atext$btxt$2rdacontent
=337  \\$acomputer$bc$2rdamedia
=338  \\$aonline resource$bcr$2rdacarrier
=490  1\$6880-03$aBunko kuseju ;$v519
=504  \\$aIncludes bibliographical references.
=588  \\$aDescription based on print version.
=650  \0$aCognition in children.
=650  \0$aKnowledge, Theory of.
=650  \7$aCognition in children.$2fast$0(OCoLC)fst00866501
=650  \7$aKnowledge, Theory of.$2fast$0(OCoLC)fst00988194
=700  1\$6880-04$aTakizawa, Takehisa,$d1931-
=730  0\$aÉpistémologie génétique.
=773  0\$tJapanKnowledge
=776  08$iPrint version:$tHasseiteki ninshikiron
=830  \0$6880-05$aBunko kuseju$v519.
=856  40$3JapanKnowledge$uhttp://japanknowledge.com/lib/display/?lid=8021005190000$yJapanKnowledge Lib
=880  10$6245-01/{dollar}1$a発生的認識論 /$cジャン・ピアジェ著 ; 滝沢武久訳.
=880  \1$6264-02/{dollar}1$a東京 :$b白水社,$c1972.
=880  1\$6490-03/{dollar}1$a文庫クセジュ ;$v519
=880  1\$6700-04/{dollar}1$a滝沢武久,$d1931-
=880  \0$6830-05/{dollar}1$a文庫クセジュ ;$v519.
=859  \\$aORR$bJapanKnowledge
=CAT  \\$aW1704-1242$b00$c20170509$lBLL01$h0927
=CAT  \\$aBATCH-UPD$b00$c20170509$lBLL01$h0936
=CAT  \\$aBATCH-UPD$b00$c20170509$lBLL01$h0940
=CAT  \\$aW2003-0365$c20200305$lBLL01$h1101
=FIN  \\$aY$d20170509
=SID  \\$aZ30$bOCLC
=SRC  \\$aJapanKnowledge_2017$bJK_OCLC20170203.mrc
=LAS  \\$aW2003-0365$b00$c20200305$lBLL01$h1101

