=LDR  02377 am a22006257a 4500
=001  018338353
=003  Uk
=005  20170106043132.0
=006  m\\\\\o\\d\\\\\\\\
=007  cr\un|||||||||
=008  120403s2001\\\\ja\a\\\\o\\\\\000\1\jpn\d
=FMT  \\$a  BK
=020  \\$z4582806929
=020  \\$z9784582806922
=035  \\$a(OCoLC)783314940
=040  \\$aCUS$beng$cCUS$dOCLCQ$dOCLCF$dOCLCO$dYUS$dOCLCQ$dOCLCO$dYUS$dOCLCO$dOCLCQ$dYUS$dOCLCO$dUk
=043  \\$aa-ja---
=050  \4$aGR340$b.I96 2001
=100  1\$6880-01$aIwaya, Sazanami,$d1870-1933
=245  10$6880-02$aNihon mukashibanashi /$cIwaya Sazanami cho ; Ueda Nobumichi kōtei.
=250  \\$6880-03$aShohan.
=260  \\$6880-04$aTōkyō :$bHeibonsha,$c2001.
=300  \\$a1 online resource (486 pages) :$billustrations.
=336  \\$atext$btxt$2rdacontent
=337  \\$acomputer$bc$2rdamedia
=338  \\$aonline resource$bcr$2rdacarrier
=490  1\$6880-05$aTōyō bunko ;$v692
=588  0\$aPrint version record.
=650  \0$aFairy tales$zJapan.
=650  \0$aTales$zJapan.
=650  \7$aFairy tales.$2fast$0(OCoLC)fst00919916
=650  \7$aTales.$2fast$0(OCoLC)fst01142246
=650  07$6880-06$aMinwa-Nihon.$2jlabsh/3
=651  \7$aJapan.$2fast$0(OCoLC)fst01204082
=700  1\$6880-07$aUeda, Nobumichi.
=773  0\$tJapanKnowledge
=776  08$iPrint version:$aIwaya, Sazanami, 1870-1933.$tNihon mukashibanashi.$bShohan.$dTōkyō : Heibonsha, 2001$z4582806929
=830  \0$6880-08$aTōyō bunko$v692.
=856  40$3JapanKnowledge$uhttp://japanknowledge.com/lib/display/?lid=80010V0692P0002$yJapanKnowledge Lib
=880  1\$6100-01/{dollar}1$a巌谷小波,$d1870-1933.
=880  10$6245-02/{dollar}1$a日本昔噺 /$c巌谷小波著 ; 上田信道校訂.
=880  \\$6250-03/{dollar}1$a初版.
=880  \\$6260-04/{dollar}1$a東京 :$b平凡社,$c2001.
=880  1\$6490-05/{dollar}1$a東洋文庫 ;$v692
=880  07$6650-06/{dollar}1$a民話-日本.$2jlabsh/3
=880  1\$6700-07/{dollar}1$a上田信道.
=880  \0$6830-08/{dollar}1$a東洋文庫 ;$v692.
=859  \\$aORR$bJapanKnowledge
=CAT  \\$aW1704-1242$b00$c20170509$lBLL01$h0927
=CAT  \\$aBATCH-UPD$b00$c20170509$lBLL01$h0936
=CAT  \\$aW2003-0365$c20200305$lBLL01$h1101
=FIN  \\$aY$d20170509
=SID  \\$aZ30$bOCLC
=SRC  \\$aJapanKnowledge_2017$bJK_OCLC20170203.mrc
=LAS  \\$aW2003-0365$b00$c20200305$lBLL01$h1101

