=LDR  02049 am a22005534i 4500
=001  018338354
=003  Uk
=005  20170106043133.0
=006  m\\\\\o\\d\\\\\\\\
=007  cr\|||||||||||
=008  151113s1975\\\\ja\\\\\\ob\\\\000\0\jpn\d
=FMT  \\$a  BK
=020  \\$z4560055742
=020  \\$z9784560055748
=035  \\$a(OCoLC)929031106
=040  \\$aCNEAL$beng$cYUS$dOCLCO$dYUS$dOCLCO$dOCLCF$dUk$erda$epn
=041  1\$ajpn$hfre
=050  \4$aDD180.5$b.L36167 1975
=100  1\$aLapeyre, Henri,$eauthor.
=245  10$6880-01$aKāru gosei /$cAnri Rapēru cho ; Someda Hidefuji yaku.
=264  \1$6880-02$aTōkyō :$bHakusuisha,$c1975.
=300  \\$a1 online resource.
=336  \\$atext$btxt$2rdacontent
=337  \\$acomputer$bc$2rdamedia
=338  \\$aonline resource$bcr$2rdacarrier
=490  1\$6880-03$aBunko kuseju ;$v574
=504  \\$aIncludes bibliographical references.
=588  \\$aDescription based on print version.
=600  00$aCharles$bV,$cHoly Roman Emperor,$d1500-1558.
=600  07$aCharles$bV,$cHoly Roman Emperor,$d1500-1558$2fast$0(OCoLC)fst00043382
=700  1\$6880-04$aSomeda, Hidefuji,$d1944-
=730  0\$aCharles Quint.
=773  0\$tJapanKnowledge
=776  08$iPrint version:$tKarl gosei
=830  \0$6880-05$aBunko kuseju$v574.
=856  40$3JapanKnowledge$uhttp://japanknowledge.com/lib/display/?lid=8021005740000$yJapanKnowledge Lib
=880  10$6245-01/{dollar}1$aカール五世 /$cアンリ・ラペール著 ; 染田秀藤訳.
=880  \1$6264-02/{dollar}1$a東京 :$b白水社,$c1975.
=880  1\$6490-03/{dollar}1$a文庫クセジュ ;$v574
=880  1\$6700-04/{dollar}1$a染田秀藤,$d1944-
=880  \0$6830-05/{dollar}1$a文庫クセジュ ;$v574.
=859  \\$aORR$bJapanKnowledge
=CAT  \\$aW1704-1242$b00$c20170509$lBLL01$h0927
=CAT  \\$aBATCH-UPD$b00$c20170509$lBLL01$h0936
=CAT  \\$aW2003-0365$c20200305$lBLL01$h1101
=FIN  \\$aY$d20170509
=SID  \\$aZ30$bOCLC
=SRC  \\$aJapanKnowledge_2017$bJK_OCLC20170203.mrc
=LAS  \\$aW2003-0365$b00$c20200305$lBLL01$h1101

