=LDR  02679 am a22006617  4500
=001  018338355
=003  Uk
=005  20170106043133.0
=006  m\\\\\o\\d\\\\\\\\
=007  cr\|||||||||||
=008  100630s1967\\\\ja\c\\\\o\\\\\000\0\jpn\d
=FMT  \\$a  BK
=019  \\$a297991555
=035  \\$a(OCoLC)645408933$z(OCoLC)297991555
=040  \\$aOCLCE$beng$cOCLCE$dOCLCO$dOCLCQ$dOCLCO$dOCLCF$dOCL$dCUS$dOCLCA$dYUS$dOCLCO$dYUS$dOCLCO$dOCLCQ$dOCLCO$dOCL$dOCLCQ$dYUS$dOCLCO$dUk$epn
=042  \\$adlr
=043  \\$aa-ja---
=050  \4$aDS881.3$b.F89 <Asian Japan>
=084  \\$a210.58$2njb/9
=100  1\$6880-01$aFukuchi, Gen'ichirō,$d1841-1906
=245  10$6880-02$aBakufu suibōron$cFukuchi Gen'ichirō cho, Ishizuka Hiromichi kōchū.
=250  \\$6880-03$aShohan.
=260  \\$6880-04$a[Tōkyō]$bHeibonsha$c[1967]
=300  \\$a1 online resource (11, 278 pages)$bportrait.
=336  \\$atext$btxt$2rdacontent
=337  \\$acomputer$bc$2rdamedia
=338  \\$aonline resource$bcr$2rdacarrier
=490  1\$6880-05$aTōyō bunko,$v84
=588  0\$aPrint version record.
=648  \7$a1600-1870$2fast
=650  \7$aPolitics and government$2fast$0(OCoLC)fst01919741
=650  07$6880-06$aNihon-Rekishi-Bakumatsuki.$2jlabsh/4
=651  \0$aJapan$xHistory$yRestoration, 1853-1870.
=651  \0$aJapan$xPolitics and government$y1600-1868.
=651  \7$aJapan.$2fast$0(OCoLC)fst01204082
=655  \7$aHistory.$2fast$0(OCoLC)fst01411628
=700  1\$6880-07,$aIshizuka, Hiromichi,$d1929-$eeditor.
=773  0\$tJapanKnowledge
=776  08$iPrint version:$aFukuchi, Gen'ichirō, 1841-1906.$tBakufu suibōron.$bShohan.$d[Tōkyō] Heibonsha [1967]
=830  \0$6880-08$aTōyō bunko$v84.
=856  40$3JapanKnowledge$uhttp://japanknowledge.com/lib/display/?lid=80010V0084P0002$yJapanKnowledge Lib
=880  1\$6100-01/{dollar}1$a福地源一郎,$d1841-1906.
=880  10$6245-02/{dollar}1$a幕府衰亡論,$c福地源一郎著, 石塚裕道校注.
=880  \\$6250-03/{dollar}1$a初版.
=880  \\$6260-04/{dollar}1$a[東京]$b平凡社$c[1967]
=880  1\$6490-05/{dollar}1$a東洋文庫,$v84
=880  07$6650-06/{dollar}1$a日本-歴史-幕末期.$2jlabsh/4
=880  1\$6700-07/{dollar}1$a石塚裕道,$d1929-$eeditor.
=880  \0$6830-08/{dollar}1$a東洋文庫 ;$v84.
=859  \\$aORR$bJapanKnowledge
=CAT  \\$aW1704-1242$b00$c20170509$lBLL01$h0927
=CAT  \\$aBATCH-UPD$b00$c20170509$lBLL01$h0936
=CAT  \\$aBATCH-UPD$b00$c20170509$lBLL01$h0940
=CAT  \\$aW2003-0365$c20200305$lBLL01$h1101
=FIN  \\$aY$d20170509
=SID  \\$aZ30$bOCLC
=SRC  \\$aJapanKnowledge_2017$bJK_OCLC20170203.mrc
=LAS  \\$aW2003-0365$b00$c20200305$lBLL01$h1101

