=LDR  02377 am a22005654i 4500
=001  018338356
=003  Uk
=005  20170106043133.0
=006  m\\\\\o\\d\\\\\\\\
=007  cr\|||||||||||
=008  151113s1957\\\\ja\\\\\\o\\\\\000\0\jpn\d
=FMT  \\$a  BK
=020  \\$z4560052239
=020  \\$z9784560052235
=035  \\$a(OCoLC)929028976
=040  \\$aSTF$beng$cYUS$dOCLCO$dYUS$dOCLCO$dOCLCF$dUk$erda$epn
=041  1\$ajpn$hfre
=050  \4$aPN6451$b.P5163 1957
=100  10$aPineaux, Jacques,$eauthor.
=240  10$aProverbes et dictons français.$lJapanese
=245  10$6880-01$aFuransu no kotowaza /$cJakku Pinō cho ; Tanabe Teinosuke yaku.
=264  \1$6880-02$aTōkyō :$bHakusuisha,$c1957.
=300  \\$a1 online resource (167 pages).
=336  \\$atext$btxt$2rdacontent
=337  \\$acomputer$bc$2rdamedia
=338  \\$aonline resource$bcr$2rdacarrier
=490  1\$6880-03$aBunko kuseju ;$v223
=500  \\$aTranslation of: Proverbes et dictons français.
=588  \\$aDescription based on print version record.
=650  \0$aProverbs, French.
=650  \7$aProverbs, French.$2fast$0(OCoLC)fst01080349
=700  1\$6880-04,$aTanabe, Teinosuke,$d1905-$etranslator.
=773  0\$tJapanKnowledge
=776  08$6880-05$iPrint version:$aPineaux, Jacques.$sProverbes et dictons français. Japanese.$tFuransu no kotowaza.$dTōkyō : Hakusuisha, 1957
=830  \0$6880-06$aBunko kuseju$v223.
=856  40$3JapanKnowledge$uhttp://japanknowledge.com/lib/display/?lid=8021002230000$yJapanKnowledge Lib
=880  10$6245-01$aフランスのことわざ /$cジャック・ピノー著 ; 田辺貞之助訳.
=880  \1$6264-02$a東京 :$b白水社,$c1957.
=880  1\$6490-03$a文庫クセジュ ;$v223
=880  1\$6700-04$a田辺貞之助,$d1905-$etranslator.
=880  08$6776-05$iPrint version:$aPineaux, Jacques.$sProverbes et dictons français. Japanese.$tフランスのことわざ.$d東京 : 白水社, 1957$w(OCoLC)33651364
=880  \0$6830-06$a文庫クセジュ ;$v223.
=859  \\$aORR$bJapanKnowledge
=CAT  \\$aW1704-1242$b00$c20170509$lBLL01$h0927
=CAT  \\$aBATCH-UPD$b00$c20170509$lBLL01$h0936
=CAT  \\$aW2003-0365$c20200305$lBLL01$h1101
=FIN  \\$aY$d20170509
=SID  \\$aZ30$bOCLC
=SRC  \\$aJapanKnowledge_2017$bJK_OCLC20170203.mrc
=LAS  \\$aW2003-0365$b00$c20200305$lBLL01$h1101

