=LDR  02595 am a22006374i 4500
=001  018338357
=003  Uk
=005  20170106043133.0
=006  m\\\\\o\\d\\\\\\\\
=007  cr\|||||||||||
=008  160115s2002\\\\ja\\\\\\ob\\\\000\0\jpnod
=FMT  \\$a  BK
=020  \\$z4560058482
=020  \\$z9784560058480
=035  \\$a(OCoLC)934799057
=040  \\$aSTF$beng$cYUS$dOCLCO$dYUS$dOCLCO$dOCLCF$dUk$erda$epn
=041  1\$ajpn$hfre
=050  \4$aBT1410$b.T37163 2002
=100  1\$aTardieu, Michel,$eauthor.
=240  10$aManichéisme.$lJapanese
=245  10$6880-01$aManikyō /$cMisheru Tarudyū cho ; Ōnuki Takashi, Nakano Chiemi yaku.
=264  \1$6880-02$aTōkyō :$bHakusuisha,$c2002.
=300  \\$a1 online resource.
=336  \\$atext$btxt$2rdacontent
=337  \\$acomputer$bc$2rdamedia
=338  \\$aonline resource$bcr$2rdacarrier
=490  1\$6880-03$aBunko Kuseju ;$v848
=500  \\$aTranslation of: Le Manichéisme. Paris : P. U .F., 1997.
=504  \\$aIncludes bibliographical references.
=588  \\$aDescription based on print version record.
=650  \4$6880-04$aManikyō.
=650  \0$aManichaeism$xHistory.
=650  \7$aManichaeism.$2fast$0(OCoLC)fst01007716
=655  \7$aHistory.$2fast$0(OCoLC)fst01411628
=700  1\$6880-05,$aOnuki, Takashi,$d1945-$etranslator.
=700  1\$6880-06$aNakano, Chiemi,$d1957-$etranslator.
=773  0\$tJapanKnowledge
=776  08$6880-07$iPrint version:$aTardieu, Michel.$sLe Manichéisme. Japanese.$tManikyō.$dTōkyō : Hakusuisha, 2002
=830  \0$6880-08$aBunko kuseju$v848.
=856  40$3JapanKnowledge$uhttp://japanknowledge.com/lib/display/?lid=8021008480000$yJapanKnowledge Lib
=880  10$6245-01$aマニ教 /$cミシェル・タルデュー著 ; 大貫隆,中野千恵美訳.
=880  \1$6264-02$a東京 :$b白水社,$c2002.
=880  1\$6490-03$a文庫クセジュ ;$v848
=880  \7$6650-04$aマニ教$2ndlsh
=880  1\$6700-05$a大貫隆,$d1945-$etranslator.
=880  1\$6700-06$a中野千恵美,$d1957-$etranslator.
=880  08$6776-07$iPrint version:$aTardieu, Michel.$sLe Manichéisme. Japanese.$tマニ教.$d東京 : 白水社, 2002$w(OCoLC)674835955
=880  \0$6830-08$a文庫クセジュ ;$v848.
=859  \\$aORR$bJapanKnowledge
=CAT  \\$aW1704-1242$b00$c20170509$lBLL01$h0927
=CAT  \\$aBATCH-UPD$b00$c20170509$lBLL01$h0936
=CAT  \\$aW2003-0365$c20200305$lBLL01$h1101
=FIN  \\$aY$d20170509
=SID  \\$aZ30$bOCLC
=SRC  \\$aJapanKnowledge_2017$bJK_OCLC20170203.mrc
=LAS  \\$aW2003-0365$b00$c20200305$lBLL01$h1101

