=LDR  03021 am a22006497i 4500
=001  018338358
=003  Uk
=005  20170106043134.0
=006  m\\\\\o\\d\\\\\\\\
=007  cr\|||||||||||
=008  100310m19771978ja\a\\\\o\\\\\000\0\jpn\d
=FMT  \\$a  BK
=019  \\$a297249043
=035  \\$a(OCoLC)550572198$z(OCoLC)297249043
=040  \\$aOCLCE$beng$cOCLCE$dOCLCQ$dCUS$dOCLCQ$dOCLCA$dOCLCQ$dOCLCO$dOCLCQ$dOCLCF$dOCLCA$dYUS$dOCLCO$dYUS$dOCLCO$dOCLCQ$dYUS$dOCLCO$dUk$epn
=042  \\$adlr
=050  \4$aGV1460.4$b.K8616 1977
=100  1\$6880-01$aGuo, Bailing,$dactive 17th century
=240  10$6880-02$aKuan tzu p'u.$lJapanese
=245  10$6880-03$aKanzufu :$bigo tesuji no genryū /$cKa Hyakurei ; Tō Shikigyoku henchū ; Go Seigen kaisetsu.
=260  \\$6880-04$aTōkyō :$bHeibonsha,$cShōwa 52-53 [1977-1978]
=300  \\$a1 online resource (4 volumes) :$billustrations.
=336  \\$atext$btxt$2rdacontent
=337  \\$acomputer$bc$2rdamedia
=338  \\$aonline resource$bcr$2rdacarrier
=490  1\$6880-05$aTōyō bunko ;$v318, 320, 322, 327
=588  0\$aPrint version record.
=650  \0$aGo (Game) problems.
=650  \0$aGo (Game)$xEnd games.
=650  \7$aGo (Game) problems.$2fast$0(OCoLC)fst00943928
=650  \7$aGo (Game)$xEnd games.$2fast$0(OCoLC)fst00943917
=700  1\$6880-06$aTao, Shiyu,$dactive 1690-1694
=700  1\$6880-07$aGo, Seigen,$d1914-2014
=773  0\$tJapanKnowledge
=776  08$iPrint version:$aGuo, Bailing, 17th cent.$sKuan tzu p'u. Japanese.$tKanzufu.$dTōkyō : Heibonsha, Shōwa 52-53 [1977-1978]
=830  \0$6880-08$aTōyō bunko$v318, etc.
=856  40$3JapanKnowledge Volume 1$uhttp://japanknowledge.com/lib/display/?lid=80010V0318P0002$yJapanKnowledge Lib
=856  40$3JapanKnowledge Volume 2$uhttp://japanknowledge.com/lib/display/?lid=80010V0320P0002$yJapanKnowledge Lib
=856  40$3JapanKnowledge Volume 3$uhttp://japanknowledge.com/lib/display/?lid=80010V0322P0002$yJapanKnowledge Lib
=856  40$3JapanKnowledge Volume 4$uhttp://japanknowledge.com/lib/display/?lid=80010V0327P0002$yJapanKnowledge Lib
=880  1\$6100-01/{dollar}1$a過百齢,$dactive 17th century.
=880  10$6240-02/{dollar}1$a官子譜.$lJapanese
=880  10$6245-03/{dollar}1$a官子譜 :$b囲碁手筋の源流 /$c過百齢 ; 陶式玉編注 ; 呉清源解說.
=880  \\$6260-04/{dollar}1$a東京 :$b平凡社,$c昭和52-53 [1977-1978]
=880  1\$6490-05/{dollar}1$a東洋文庫 ;$v318, 320, 322, 327
=880  1\$6700-06/{dollar}1$a陶式玉,$dactive 1690-1694.
=880  1\$6700-07/{dollar}1$a呉清源,$d1914-
=880  \0$6830-08/{dollar}1$a東洋文庫 ;$v318, etc.
=859  \\$aORR$bJapanKnowledge
=CAT  \\$aW1704-1242$b00$c20170509$lBLL01$h0927
=CAT  \\$aBATCH-UPD$b00$c20170509$lBLL01$h0936
=CAT  \\$aBATCH-UPD$b00$c20170509$lBLL01$h0940
=CAT  \\$aW2003-0365$c20200305$lBLL01$h1101
=FIN  \\$aY$d20170509
=SID  \\$aZ30$bOCLC
=SRC  \\$aJapanKnowledge_2017$bJK_OCLC20170203.mrc
=LAS  \\$aW2003-0365$b00$c20200305$lBLL01$h1101

