=LDR  01644 as a22004334i 4500
=001  018338359
=003  Uk
=005  20170106043134.0
=006  m\\\\\o\\d\\\\\\\\
=007  cr\|||||||||||
=008  151117c20119999ja\mr\\\o\d\\\0\\\\0jpn\d
=FMT  \\$a  SE
=035  \\$a(OCoLC)929669998
=040  \\$aYUS$beng$cYUS$dYUS$dOCLCO$dOCLCF$dUk$erda
=050  \4$aPL675
=245  00$6880-01$aDejitaru daijisen purasu.
=264  \1$6880-02$aTōkyō :$bNetAdvance Inc.,$c2011-
=300  \\$a1 online resource
=336  \\$atext$btxt$2rdacontent
=337  \\$acomputer$bc$2rdamedia
=338  \\$aonline resource$bcr$2rdacarrier
=588  \\$aDescription based on online resource; title from search contents (viewed November 17, 2015).
=650  \0$aJapanese language$vDictionaries.
=650  \7$aJapanese language.$2fast$0(OCoLC)fst00981565
=655  \7$aDictionaries.$2fast$0(OCoLC)fst01423826
=773  0\$tJapanKnowledge
=775  08$6880-03$tDaijisen.$dTōkyō : Shōgakkan, 2012
=856  40$3JapanKnowledge$uhttp://japanknowledge.com/lib/search/basic/?cids=50910$yJapanKnowledge Lib
=880  00$6245-01/{dollar}1$aデジタル大辞泉プラス.
=880  \1$6264-02/{dollar}1$a東京 :$bNetAdvance Inc.,$c2011-
=880  08$6775-03/{dollar}1$t大辞泉.$d東京 : 小学館, 2012$w(OCoLC)928950458
=859  \\$aORR$bJapanKnowledge
=CAT  \\$aW1704-1242$b00$c20170509$lBLL01$h0927
=CAT  \\$aBATCH-UPD$b00$c20170509$lBLL01$h0936
=CAT  \\$aW2003-0365$c20200305$lBLL01$h1101
=FIN  \\$aY$d20170509
=SID  \\$aZ30$bOCLC
=SRC  \\$aJapanKnowledge_2017$bJK_OCLC20170203.mrc
=LAS  \\$aW2003-0365$b00$c20200305$lBLL01$h1101

