=LDR  02267 am a22005654i 4500
=001  018338360
=003  Uk
=005  20170106043135.0
=006  m\\\\\o\\d\\\\\\\\
=007  cr\|||||||||||
=008  151117s1997\\\\ja\\\\\gob\\\\000\0\jpnod
=FMT  \\$a  BK
=020  \\$z4560057974
=020  \\$z9784560057971
=035  \\$a(OCoLC)929688324
=040  \\$aWTU$beng$cYUS$dOCLCO$dYUS$dOCLCO$dOCLCF$dUk$erda$epn
=041  1\$ajpn$heng
=100  1\$aRenaudie, Jacques-Bernard,$eauthor.
=240  10$aThalassothérapie.$lJapanese
=245  10$6880-01$aTarasoterapī :$bumi kara umareta shizen ryōhō /$cJakku Berunāru Runōdi cho ; Kusakabe Kiyoko yaku.
=264  \1$6880-02$aTōkyō :$bHakusuisha,$c1997.
=300  \\$a1 online resource.
=336  \\$atext$btxt$2rdacontent
=337  \\$acomputer$bc$2rdamedia
=338  \\$aonline resource$bcr$2rdacarrier
=490  1\$6880-03$aBunko Kuseju ;$v797
=504  \\$aIncludes bibliographical references.
=588  \\$aDescription based on print version.
=650  \0$aSeawater$xTherapeutic use.
=650  \7$aSeawater$xTherapeutic use.$2fast$0(OCoLC)fst01110502
=700  1\$6880-04,$aKusakabe, Kiyoko.$etranslator.
=700  1\$iTranslation of:$aRenaudie, Jacques-Bernard.$tLa thalassothérapie.
=773  0\$tJapanKnowledge
=776  08$iPrint version:$tTarasoterapī
=830  \0$6880-05$aBunko kuseju$v797.
=856  40$3JapanKnowledge$uhttp://japanknowledge.com/lib/display/?lid=8021007970000$yJapanKnowledge Lib
=880  10$6245-01$aタラソテラピー :$b海から生まれた自然療法 /$cジャック=ベルナール・ルノーディ著 ; 日下部喜代子訳.
=880  \1$6264-02$a東京 :$b白水社,$c1997.
=880  1\$6490-03$a文庫クセジュ ;$v797
=880  1\$6700-04$a日下部喜代子,$etranslator.
=880  \0$6830-05$a文庫クセジュ ;$v797.
=859  \\$aORR$bJapanKnowledge
=CAT  \\$aW1704-1242$b00$c20170509$lBLL01$h0927
=CAT  \\$aBATCH-UPD$b00$c20170509$lBLL01$h0936
=CAT  \\$aBATCH-UPD$b00$c20170509$lBLL01$h0940
=CAT  \\$aW2003-0365$c20200305$lBLL01$h1101
=FIN  \\$aY$d20170509
=SID  \\$aZ30$bOCLC
=SRC  \\$aJapanKnowledge_2017$bJK_OCLC20170203.mrc
=LAS  \\$aW2003-0365$b00$c20200305$lBLL01$h1101

