=LDR  03064 am a22007697a 4500
=001  018338361
=003  Uk
=005  20170106043135.0
=006  m\\\\\o\\d\\\\\\\\
=007  cr\|||||||||||
=008  100420m19781981ja\a\\\\ob\\\\001\0\jpn\d
=FMT  \\$a  BK
=019  \\$a297270311
=020  \\$z458280344X
=020  \\$z4582803628
=020  \\$z4582804039
=020  \\$z9784582803440
=020  \\$z9784582803624
=020  \\$z9784582804034
=035  \\$a(OCoLC)608396400$z(OCoLC)297270311
=040  \\$aOCLCE$beng$cOCLCE$dOCLCQ$dCUS$dOCLCQ$dOCLCF$dOCL$dYUS$dOCLCO$dYUS$dOCLCO$dOCLCQ$dOCL$dYUS$dOCLCO$dUk$epn
=041  1\$ajpn$hchi
=042  \\$adlr
=043  \\$aa-cc---
=050  \4$aAC150$b.S434163 1978
=084  \\$a049.2$2njb
=100  1\$6880-01$aShen, Kuo,$d1031-1095
=240  10$6880-02$aMengxi bi tan.$lJapanese
=245  10$6880-03$aMukei hitsudan /$cChin Katsu ; Umehara Kaoru yakuchū.
=250  \\$6880-04$aShohan.
=260  \\$6880-05$aTōkyō :$bHeibonsha,$c1978-1981.
=300  \\$a1 online resource (3 volumes) :$billustrations.
=336  \\$atext$btxt$2rdacontent
=337  \\$acomputer$bc$2rdamedia
=338  \\$aonline resource$bcr$2rdacarrier
=490  1\$6880-06$aTōyō bunko ;$v344, 362, 403
=504  \\$aIncludes bibliographical references and index.
=588  0\$aPrint version record.
=648  \7$a960-1279$2fast
=650  \7$aSong Dynasty (China)$2fast$0(OCoLC)fst01696776
=651  \0$aChina$xHistory$ySong dynasty, 960-1279$vAnecdotes.
=651  \7$aChina.$2fast$0(OCoLC)fst01206073
=655  \7$aAnecdotes.$2fast$0(OCoLC)fst01423876
=655  \7$aHistory$2fast$0(OCoLC)fst01411628
=700  1\$6880-07$aUmehara, Kaoru,$d1934-
=773  0\$tJapanKnowledge
=776  08$iPrint version:$aShen, Kuo, 1031-1095.$sMengxi bi tan. Japanese.$tMukei hitsudan.$bShohan.$dTōkyō : Heibonsha, 1978-1981
=830  \0$6880-08$aTōyō bunko$v344, 362, 403.
=856  40$3JapanKnowledge Volume 1$uhttp://japanknowledge.com/lib/display/?lid=80010V0344P0002$yJapanKnowledge Lib
=856  40$3JapanKnowledge Volume 2$uhttp://japanknowledge.com/lib/display/?lid=80010V0362P0002$yJapanKnowledge Lib
=856  40$3JapanKnowledge Volume 3$uhttp://japanknowledge.com/lib/display/?lid=80010V0403P0002$yJapanKnowledge Lib
=880  1\$6100-01/{dollar}1$a沈括,$d1031-1095.
=880  10$6240-02/{dollar}1$a夢溪筆談.$lJapanese
=880  10$6245-03/{dollar}1$a夢溪筆談 /$c沈括 ; 梅原郁訳注.
=880  \\$6250-04/{dollar}1$a初版.
=880  \\$6260-05/{dollar}1$a東京 :$b平凡社,$c1978-1981.
=880  1\$6490-06/{dollar}1$a東洋文庫 ;$v344, 362, 403
=880  1\$6700-07/{dollar}1$a梅原郁,$d1934-
=880  \0$6830-08/{dollar}1$a東洋文庫 ;$v344, 362, 403.
=859  \\$aORR$bJapanKnowledge
=CAT  \\$aW1704-1242$b00$c20170509$lBLL01$h0927
=CAT  \\$aBATCH-UPD$b00$c20170509$lBLL01$h0936
=CAT  \\$aW2003-0365$c20200305$lBLL01$h1101
=FIN  \\$aY$d20170509
=SID  \\$aZ30$bOCLC
=SRC  \\$aJapanKnowledge_2017$bJK_OCLC20170203.mrc
=LAS  \\$aW2003-0365$b00$c20200305$lBLL01$h1101

