=LDR  02519 am a22006257a 4500
=001  018338362
=003  Uk
=005  20180803110003.0
=006  m\\\\\o\\d\\\\\\\\
=007  cr\|||||||||||
=008  101108s1965\\\\ja\\\\\\ob\\\\000\0\jpn\d
=FMT  \\$a  BK
=019  \\$a300521964$a643757852
=035  \\$a(OCoLC)680057791$z(OCoLC)300521964$z(OCoLC)643757852
=040  \\$aOCLCE$beng$cOCLCE$dOCLCQ$dOCLCO$dCUS$dOCLCQ$dOCLCF$dYUS$dOCLCO$dYUS$dOCLCO$dOCLCQ$dYUS$dOCLCO$dUk$epn
=041  1\$ajpn$htur
=042  \\$adlr
=050  \4$aPN6231$b.N27 1965
=084  \\$a929.573$2njb/9
=245  00$6880-01$aNasureddin Hoja monogatari :$bToruko no chiebanashi /$cMori Masao yaku.
=250  \\$6880-02$aShohan.
=260  \\$6880-03$aTōkyō :$bHeibonsha,$cShōwa 40 [1965]
=300  \\$a1 online resource (2, 3, 310 pages).
=336  \\$atext$btxt$2rdacontent
=337  \\$acomputer$bc$2rdamedia
=338  \\$aonline resource$bcr$2rdacarrier
=490  1\$6880-04$aTōyō bunko ;$v38
=504  \\$aIncludes bibliographical references (pages 307-308).
=588  0\$aPrint version record.
=600  00$aNasreddin,$cHoca,$dactive 13th century.
=650  \0$aTurkish wit and humor.
=650  \7$aNasreddin Hoca (Legendary character)$2fast$0(OCoLC)fst01033126
=650  \7$aTurkish wit and humor.$2fast$0(OCoLC)fst01159512
=700  1\$6880-05$aMori, Masao,$d1921-1996
=730  0\$aNasreddin Hoca (Anecdotes)
=773  0\$tJapanKnowledge
=776  08$iPrint version:$tNasureddin Hoja monogatari.$bShohan.$dTōkyō : Heibonsha, Shōwa 40 [1965]
=830  \0$6880-06$aTōyō bunko$v38.
=856  40$3JapanKnowledge$uhttp://japanknowledge.com/lib/display/?lid=80010V0038P0002$yJapanKnowledge Lib
=880  00$6245-01/{dollar}1$aナスレッディン. ホジャ物語 :$bトルコの知恵ばなし /$c護雅夫訳.
=880  \\$6250-02/{dollar}1$a初版.
=880  \\$6260-03/{dollar}1$a東京 :$b平凡社,$c昭和40 [1965]
=880  1\$6490-04/{dollar}1$a東洋文庫 ;$v38
=880  1\$6700-05/{dollar}1$a護雅夫,$d1921-
=880  \0$6830-06/{dollar}1$a東洋文庫 ;$v38.
=859  \\$aORR$bJapanKnowledge
=CAT  \\$aW1704-1242$b00$c20170509$lBLL01$h0927
=CAT  \\$aBATCH-UPD$b00$c20170509$lBLL01$h0936
=CAT  \\$a8874$b40$c20180803$lBLL01$h1100
=CAT  \\$aW2003-0365$c20200305$lBLL01$h1101
=CAT  \\$aBATCH-UPD$b00$c20201004$lBLL01$h2113
=FIN  \\$aY$d20170509
=SID  \\$aZ30$bOCLC
=SRC  \\$aJapanKnowledge_2017$bJK_OCLC20170203.mrc
=LAS  \\$aBATCH-UPD$b00$c20201004$lBLL01$h2113

