=LDR  02287 am a22006014i 4500
=001  018338363
=003  Uk
=005  20170106043136.0
=006  m\\\\\o\\d\\\\\\\\
=007  cr\|||||||||||
=008  151112s1995\\\\ja\\\\\\ob\\\\001\0\jpn\d
=FMT  \\$a  BK
=020  \\$z4096580430
=020  \\$z9784096580431
=035  \\$a(OCoLC)928950282
=040  \\$aYUS$beng$cYUS$dOCLCO$dYUS$dOCLCO$dYUS$dOCLCO$dUk$erda$epn
=050  \4$aPL758.29$b.S48 1995
=245  00$6880-01$aShin kokin wakashū /$ckōchū, yaku Minemura Fumito.
=264  \1$6880-03$aTōkyō :$bShōgakkan,$c1995.
=300  \\$a1 online resource.
=336  \\$atext$btxt$2rdacontent
=337  \\$acomputer$bc$2rdamedia
=338  \\$aonline resource$bcr$2rdacarrier
=490  1\$6880-04$aShinpen Nihon koten bungaku zenshū ;$v43
=504  \\$6880-05$aIncludes bibliographical references (pages 599-600) and index.
=588  \\$aDescription based on print version.
=630  00$aShin kokin wakashū.
=648  \7$aTo 1600$2fast
=650  \0$aJapanese poetry$yTo 1600.
=650  \0$aWaka.
=650  \7$aJapanese poetry.$2fast$0(OCoLC)fst00981898
=650  \7$aWaka.$2fast$0(OCoLC)fst01169959
=700  1\$6880-06$aMinemura, Fumito,$d1913-2004
=773  0\$tJapanKnowledge
=776  08$iPrint version:$tShin kokin wakashū
=830  \0$6880-07$aShinpen Nihon koten bungaku zenshū$v43.
=856  40$3JapanKnowledge$uhttp://japanknowledge.com/lib/display/?lid=80110V00430015$yJapanKnowledge Lib
=880  00$6245-01$a新古今和歌集 /$c校注・訳峯村文人.
=880  \1$6264-03$a東京 :$b小学館,$c1995.
=880  1\$6490-04$a新編日本古典文学全集 ;$v43
=880  \\$6504-05$a参考文献: p599-600.
=880  1\$6700-06$a峯村文人,$d1913-2004.
=880  \0$6830-07$a新編日本古典文学全集 ;$v43.
=859  \\$aORR$bJapanKnowledge
=CAT  \\$aW1704-1242$b00$c20170509$lBLL01$h0927
=CAT  \\$aBATCH-UPD$b00$c20170509$lBLL01$h0936
=CAT  \\$aBATCH-UPD$b00$c20170509$lBLL01$h0939
=CAT  \\$aW2003-0365$c20200305$lBLL01$h1101
=CAT  \\$aBATCH-UPD$b00$c20200918$lBLL01$h2045
=FIN  \\$aY$d20170509
=SID  \\$aZ30$bOCLC
=SRC  \\$aJapanKnowledge_2017$bJK_OCLC20170203.mrc
=LAS  \\$aBATCH-UPD$b00$c20200918$lBLL01$h2045

