=LDR  02145 am a22005654i 4500
=001  018338364
=003  Uk
=005  20170106043136.0
=006  m\\\\\o\\d\\\\\\\\
=007  cr\|||||||||||
=008  151113s1973\\\\ja\\\\\\ob\\\\000\0\jpn\d
=FMT  \\$a  BK
=020  \\$z4560055424
=020  \\$z9784560055427
=035  \\$a(OCoLC)929031051
=040  \\$aCNEAL$beng$cYUS$dOCLCO$dYUS$dOCLCO$dUk$erda$epn
=041  1\$ajpn$hfre
=050  \4$aB2948$b.S47167 1973
=100  1\$aSerreau, René,$eauthor.
=245  10$6880-01$aHēgel tetsugaku /$cRune Serō cho ; Takahashi Nobuaki yaku.
=264  \1$6880-02$aTōkyō :$bHakusuisha,$c1973.
=300  \\$a1 online resource.
=336  \\$atext$btxt$2rdacontent
=337  \\$acomputer$bc$2rdamedia
=338  \\$aonline resource$bcr$2rdacarrier
=490  1\$6880-03$aBunko kuseju ;$v542
=504  \\$aIncludes bibliographical references.
=588  \\$aDescription based on print version.
=600  10$aHegel, Georg Wilhelm Friedrich,$d1770-1831$xCriticism and interpretation.
=600  17$aHegel, Georg Wilhelm Friedrich,$d1770-1831$2fast$0(OCoLC)fst00031816
=700  1\$6880-04$aTakahashi, Nobuaki,$d1931-
=730  0\$aHegel et l'hégélianisme.
=773  0\$tJapanKnowledge
=776  08$iPrint version:$tHegel tetsugaku
=830  \0$6880-05$aBunko kuseju$v542.
=856  40$3JapanKnowledge$uhttp://japanknowledge.com/lib/display/?lid=8021005420000$yJapanKnowledge Lib
=880  10$6245-01/{dollar}1$aヘーゲル哲学 /$cルネ・セロー著 ; 高橋允昭訳.
=880  \1$6264-02/{dollar}1$a東京 :$b白水社,$c1973.
=880  1\$6490-03/{dollar}1$a文庫クセジュ ;$v542
=880  1\$6700-04/{dollar}1$a高橋允昭,$d1931-
=880  \0$6830-05/{dollar}1$a文庫クセジュ ;$v542.
=859  \\$aORR$bJapanKnowledge
=CAT  \\$aW1704-1242$b00$c20170509$lBLL01$h0927
=CAT  \\$aBATCH-UPD$b00$c20170509$lBLL01$h0936
=CAT  \\$aBATCH-UPD$b00$c20170509$lBLL01$h0939
=CAT  \\$aW2003-0365$c20200305$lBLL01$h1101
=FIN  \\$aY$d20170509
=SID  \\$aZ30$bOCLC
=SRC  \\$aJapanKnowledge_2017$bJK_OCLC20170203.mrc
=LAS  \\$aW2003-0365$b00$c20200305$lBLL01$h1101

