=LDR  02661 am a22006257  4500
=001  018338365
=003  Uk
=005  20170106043137.0
=006  m\\\\\o\\d\\\\\\\\
=007  cr\|||||||||||
=008  100420s1970\\\\ja\\\\\\o\\\\\000\0\jpn\d
=FMT  \\$a  BK
=019  \\$a300656413
=035  \\$a(OCoLC)608379727$z(OCoLC)300656413
=040  \\$aOCLCE$beng$cOCLCE$dOCLCQ$dCUS$dOCLCQ$dOCLCF$dYUS$dOCLCO$dYUS$dOCLCO$dOCL$dOCLCQ$dYUS$dOCLCO$dUk$epn
=041  1\$ajpn$heng
=042  \\$adlr
=043  \\$aa-ja---
=050  \4$aDS881$b.B6216 <Asian Japan>
=100  1\$aBlack, John Reddie,$d1827-1880.
=240  10$aYoung Japan.$lJapanese
=245  10$6880-01$aYangu Japan$bYokohama to Edo,$cJ.R. Burakku cho, Nezu Masashi, Koike Haruko yaku.
=250  \\$6880-02$aShohan.
=260  \\$6880-03$aTōkyō,$bHeibonsha,$cShōwa 45 [1970]
=300  \\$a1 online resource (3 volumes).
=336  \\$atext$btxt$2rdacontent
=337  \\$acomputer$bc$2rdamedia
=338  \\$aonline resource$bcr$2rdacarrier
=490  1\$6880-04$aTōyō bunko,$v156, 166, 176
=588  0\$aPrint version record.
=648  \7$a1868-1912$2fast
=651  \0$aJapan$xHistory$yMeiji period, 1868-1912.
=651  \7$aJapan.$2fast$0(OCoLC)fst01204082
=655  \7$aHistory.$2fast$0(OCoLC)fst01411628
=773  0\$tJapanKnowledge
=776  08$iPrint version:$aBlack, John Reddie, 1827-1880.$sYoung Japan. Japanese.$tYangu Japan.$dTōkyō, Heibonsha, Shōwa 45 [1970]
=830  \0$6880-05$aTōyō bunko$v156, 166, 176.
=856  40$3JapanKnowledge Volume 1$uhttp://japanknowledge.com/lib/display/?lid=80010V0156P0002$yJapanKnowledge Lib
=856  40$3JapanKnowledge Volume 2$uhttp://japanknowledge.com/lib/display/?lid=80010V0166P0002$yJapanKnowledge Lib
=856  40$3JapanKnowledge Volume 3$uhttp://japanknowledge.com/lib/display/?lid=80010V0176P0002$yJapanKnowledge Lib
=880  10$6245-01/{dollar}1$aヤング・ジャパン ;$b横浜と江戶,$cJ.R. ブラック著, ねずまさし, 小池晴子訳.
=880  \\$6250-02/{dollar}1$a初版.
=880  \\$6260-03/{dollar}1$a東京,$b平凡社,$c昭和45 [1970]
=880  1\$6490-04/{dollar}1$a東洋文庫,$v156, 166, 176
=880  1\$6700-00/{dollar}1$aねずまさし,$d1908-
=880  1\$6700-00/{dollar}1$a小池晴子,$d1937-
=880  \0$6830-05/{dollar}1$a東洋文庫 ;$v156, 166, 176.
=859  \\$aORR$bJapanKnowledge
=CAT  \\$aW1704-1242$b00$c20170509$lBLL01$h0927
=CAT  \\$aBATCH-UPD$b00$c20170509$lBLL01$h0936
=CAT  \\$aW2003-0365$c20200305$lBLL01$h1101
=FIN  \\$aY$d20170509
=SID  \\$aZ30$bOCLC
=SRC  \\$aJapanKnowledge_2017$bJK_OCLC20170203.mrc
=LAS  \\$aW2003-0365$b00$c20200305$lBLL01$h1101

