=LDR  02745 am a22006617a 4500
=001  018338366
=003  Uk
=005  20170106043137.0
=006  m\\\\\o\\d\\\\\\\\
=007  cr\un|||||||||
=008  120329s1997\\\\ja\\\\\\ob\\\\001\0\jpn\d
=FMT  \\$a  BK
=020  \\$a4582806198$q(v. 2)
=020  \\$a9784582806199$q(v. 2)
=020  \\$z458280618X$q(v. 1)
=020  \\$z9784582806182$q(v. 1)
=035  \\$a(OCoLC)781973922
=040  \\$aCUS$beng$cCUS$dCUS$dOCLCQ$dOCLCF$dOCLCO$dYUS$dOCLCQ$dOCLCO$dYUS$dOCLCQ$dYUS$dOCLCO$dUk
=041  1\$ajpn$hchi
=050  14$aAC145$b.T69 vol.618- 619
=100  1\$6880-01$aLu, Xun,$d1881-1936
=240  10$6880-02$aZhongguo xiao shuo shi lue.$lJapanese
=245  10$6880-03$aChūgoku shōsetsu shiryaku /$cRo Jin cho ; Nakajima Osafumi yakuchū.
=250  \\$6880-04$aShohan.
=260  \\$6880-05$aTōkyō :$bHeibonsha,$c1997.
=300  \\$a1 online resource (2 volumes).
=336  \\$atext$btxt$2rdacontent
=337  \\$acomputer$bc$2rdamedia
=338  \\$aonline resource$bcr$2rdacarrier
=490  1\$6880-06$aTōyō bunko ;$v618-619
=504  \\$aIncludes bibliographical references and index.
=588  0\$aPrint version record.
=650  \0$aChinese fiction$xHistory and criticism.
=650  \7$aChinese fiction.$2fast$0(OCoLC)fst00857362
=655  \7$aCriticism, interpretation, etc.$2fast$0(OCoLC)fst01411635
=700  1\$6880-07$aNakajima, Osafumi,$d1938-
=773  0\$tJapanKnowledge
=776  08$iPrint version:$aLu, Xun, 1881-1936.$sZhongguo xiao shuo shi lue. Japanese.$tChūgoku shōsetsu shiryaku.$dTōkyō : Heibonsha, 1997$z458280618X
=830  \0$6880-08$aTōyō bunko$v618-619.
=856  40$3JapanKnowledge Volume 2$uhttp://japanknowledge.com/lib/display/?lid=80010V0619P0002$yJapanKnowledge Lib
=856  40$3JapanKnowledge Volume 1$uhttp://japanknowledge.com/lib/display/?lid=80010V0618P0002$yJapanKnowledge Lib
=880  1\$6100-01/{dollar}1$a魯迅,$d1881-1936.
=880  10$6240-02/{dollar}1$a中国小說史略.$lJapanese
=880  10$6245-03/{dollar}1$a中国小說史略 /$c魯迅著 ; 中島長文訳注.
=880  \\$6250-04/{dollar}1$a初版.
=880  \\$6260-05/{dollar}1$a東京 :$b平凡社,$c1997.
=880  1\$6490-06/{dollar}1$a東洋文庫 ;$v618-619
=880  1\$6700-07/{dollar}1$a中島長文,$d1938-
=880  \0$6830-08/{dollar}1$a東洋文庫 ;$v618-619.
=859  \\$aORR$bJapanKnowledge
=CAT  \\$aW1704-1242$b00$c20170509$lBLL01$h0927
=CAT  \\$aBATCH-UPD$b00$c20170509$lBLL01$h0936
=CAT  \\$aBATCH-UPD$b00$c20170509$lBLL01$h0939
=CAT  \\$aW2003-0365$c20200305$lBLL01$h1101
=FIN  \\$aY$d20170509
=SID  \\$aZ30$bOCLC
=SRC  \\$aJapanKnowledge_2017$bJK_OCLC20170203.mrc
=LAS  \\$aW2003-0365$b00$c20200305$lBLL01$h1101

