=LDR  02810 am a22007217i 4500
=001  018338367
=003  Uk
=005  20170106043137.0
=006  m\\\\\o\\d\\\\\\\\
=007  cr\un|||||||||
=008  090201s1969\\\\ja\\\\\\o\\\\\000\0ajpn\d
=FMT  \\$a  BK
=019  \\$a639496119
=020  \\$z4582801366
=020  \\$z9784582801361
=035  \\$a(OCoLC)301102487$z(OCoLC)639496119
=040  \\$aOCLCE$beng$cOCLCE$dOCLCQ$dCUS$dOCLCQ$dOCLCO$dOCLCQ$dOCLCF$dYUS$dOCLCO$dYUS$dOCLCO$dOCLCQ$dYUS$dOCLCO$dUk$epn
=041  1\$ajpn$heng
=042  \\$adlr
=043  \\$aa-cc---$an-us---
=050  \4$aDS763.Y8$bA316
=100  1\$6880-01$aYung, Wing,$d1828-1912
=240  10$aMy life in China and America.$lJapanese
=245  10$6880-02$aSeigaku tōzenki :$bYō Kō jiden /$cMomose Hiromu yakuchū ; Banno Masataka kaisetsu.
=246  30$6880-03$aYō Kō jiden
=250  \\$6880-04$aShohan.
=260  \\$6880-05$aTōkyō :$bHeibonsha,$cShōwa 44 [1969]
=300  \\$a1 online resource (285 pages).
=336  \\$atext$btxt$2rdacontent
=337  \\$acomputer$bc$2rdamedia
=338  \\$aonline resource$bcr$2rdacarrier
=490  1\$6880-06$aTōyō bunko ;$v136
=588  0\$aPrint version record.
=650  \0$aChinese$xEducation$zUnited States.
=650  \0$aEducation$zChina.
=650  \7$aChinese$xEducation.$2fast$0(OCoLC)fst00857178
=650  \7$aEducation.$2fast$0(OCoLC)fst00902499
=651  \0$aChina.
=651  \7$aChina.$2fast$0(OCoLC)fst01206073
=651  \7$aUnited States.$2fast$0(OCoLC)fst01204155
=700  1\$6880-07$aMomose, Hiromu,$d1908-
=773  0\$tJapanKnowledge
=776  08$iPrint version:$aYung, Wing, 1828-1912.$sMy life in China and America. Japanese.$tSeigaku tōzenki.$dTōkyō : Heibonsha, Shōwa 44 [1969]
=830  \0$6880-08$aTōyō bunko$v136.
=856  40$3JapanKnowledge$uhttp://japanknowledge.com/lib/display/?lid=80010V0136P0002$yJapanKnowledge Lib
=880  1\$6100-01/{dollar}1$a容閎,$d1828-1912.
=880  10$6245-02/{dollar}1$a西学東漸記 :$b容閎自伝 /$c百瀬弘訳注 ; 坂野正高解說.
=880  30$6246-03/{dollar}1$a容閎自伝
=880  \\$6250-04/{dollar}1$a初版.
=880  \\$6260-05/{dollar}1$a東京 :$b平凡社,$c昭和44 [1969]
=880  1\$6490-06/{dollar}1$a東洋文庫 ;$v136
=880  14$6600-00/{dollar}1$a容閎,$d1828-1912.
=880  1\$6700-07/{dollar}1$a百瀬弘,$d1908-
=880  \0$6830-08/{dollar}1$a東洋文庫 ;$v136.
=859  \\$aORR$bJapanKnowledge
=CAT  \\$aW1704-1242$b00$c20170509$lBLL01$h0927
=CAT  \\$aBATCH-UPD$b00$c20170509$lBLL01$h0936
=CAT  \\$aBATCH-UPD$b00$c20170509$lBLL01$h0939
=CAT  \\$aW2003-0365$c20200305$lBLL01$h1101
=FIN  \\$aY$d20170509
=SID  \\$aZ30$bOCLC
=SRC  \\$aJapanKnowledge_2017$bJK_OCLC20170203.mrc
=LAS  \\$aW2003-0365$b00$c20200305$lBLL01$h1101

