=LDR  02489 am a22006014i 4500
=001  018338368
=003  Uk
=005  20170106043138.0
=006  m\\\\\o\\d\\\\\\\\
=007  cr\|||||||||||
=008  160115s2006\\\\ja\\\\\\ob\\\\000\0\jpn\d
=FMT  \\$a  BK
=020  \\$z4560509018
=020  \\$z9784560509012
=035  \\$a(OCoLC)934799052
=040  \\$aSTF$beng$cYUS$dOCLCO$dYUS$dOCLCO$dOCLCF$dUk$erda$epn
=041  1\$ajpn$hfre
=050  \4$aPK663$b.F55163 2006
=100  1\$aFilliozat, Pierre-Sylvain,$eauthor.
=240  10$aSanskrit.$lJapanese
=245  10$6880-01$aSansukuritto /$cPiēru=Shiruvan Firioza cho ; Takeuchi Nobuo yaku.
=264  \1$6880-02$aTōkyō :$bHakusuisha,$c2006.
=300  \\$a1 online resource.
=336  \\$atext$btxt$2rdacontent
=337  \\$acomputer$bc$2rdamedia
=338  \\$aonline resource$bcr$2rdacarrier
=490  1\$6880-03$aBunko kuseju ;$v901
=500  \\$aTranslation of: Le sanskrit. Paris : Presses universitaires de France, 2002.
=504  \\$aIncludes bibliographical references.
=588  \\$aDescription based on print version record.
=650  \0$aSanskrit language.
=650  \7$aSanskrit language.$2fast$0(OCoLC)fst01105170
=700  1\$6880-04,$aTakeuchi, Nobuo,$d1945-$etranslator.
=730  0\$aSanskrit.
=773  0\$tJapanKnowledge
=776  08$6880-05$iPrint version:$aFilliozat, Pierre-Sylvain.$sLe sanskrit. Japanese.$tSansukuritto.$dTōkyō : Hakusuisha, 2006
=830  \0$6880-06$aBunko kuseju$v901.
=856  40$3JapanKnowledge$uhttp://japanknowledge.com/lib/display/?lid=8021009010000$yJapanKnowledge Lib
=880  10$6245-01$aサンスクリット /$cピエール=シルヴァン・フィリオザ著 ; 竹内信夫訳.
=880  \1$6264-02$a東京 :$b白水社,$c2006.
=880  1\$6490-03$a文庫クセジュ ;$v901
=880  1\$6700-04$a竹内信夫,$d1945-$etranslator.
=880  08$6776-05$iPrint version:$aFilliozat, Pierre-Sylvain.$sLe sanskrit. Japanese.$tサンスクリット.$d東京 : 白水社, 2006$w(OCoLC)70232981
=880  \0$6830-06$a文庫クセジュ ;$v901.
=859  \\$aORR$bJapanKnowledge
=CAT  \\$aW1704-1242$b00$c20170509$lBLL01$h0927
=CAT  \\$aBATCH-UPD$b00$c20170509$lBLL01$h0936
=CAT  \\$aBATCH-UPD$b00$c20170509$lBLL01$h0939
=CAT  \\$aW2003-0365$c20200305$lBLL01$h1101
=FIN  \\$aY$d20170509
=SID  \\$aZ30$bOCLC
=SRC  \\$aJapanKnowledge_2017$bJK_OCLC20170203.mrc
=LAS  \\$aW2003-0365$b00$c20200305$lBLL01$h1101

