=LDR  03060 am a22007694i 4500
=001  018338369
=003  Uk
=005  20170106043138.0
=006  m\\\\\o\\d\\\\\\\\
=007  cr\|||||||||||
=008  151112m19951997ja\ab\\\ob\\\\001\0\jpn\d
=FMT  \\$a  BK
=020  \\$z4096580708
=020  \\$z4096580716
=020  \\$z9784096580707
=020  \\$z9784096580708
=020  \\$z9784096580714
=035  \\$a(OCoLC)928950346
=040  \\$aYUS$beng$cYUS$dOCLCO$dYUS$dOCLCO$dYUS$dOCLCO$dUk$erda$epn
=043  \\$aa-ja---
=050  \4$aPL794.4$b.A1 1995
=100  1\$6880-01,$aMatsuo, Bashō,$d1644-1694$eauthor.
=240  10$aWorks.$f1995
=245  10$6880-02$aMatsuo Bashō shū /$cchūkai Imoto Nōichi [and others].
=264  \1$6880-04$aTōkyō :$bShōgakkan,$c1995-1997.
=300  \\$a1 online resource.
=336  \\$atext$btxt$2rdacontent
=337  \\$acomputer$bc$2rdamedia
=338  \\$aonline resource$bcr$2rdacarrier
=490  1\$6880-05$aShinpen Nihon koten bungaku zenshū ;$v70-71
=504  \\$aIncludes bibliographical references and indexes.
=505  0\$6880-06$a1. Zen hokku -- 2. Kikō, nikki hen, Haibun hen, Renku hen.
=588  \\$aDescription based on print version.
=600  10$6880-07$aMatsuo, Bashō,$d1644-1694$xTravel$zJapan.
=600  10$6880-08$aMatsuo, Bashō,$d1644-1694$vDiaries.
=600  17$aMatsuo, Bashō,$d1644-1694$2fast$0(OCoLC)fst00067531
=650  \0$aHaibun.
=650  \0$aHaikai.
=650  \7$aHaibun.$2fast$0(OCoLC)fst00950247
=650  \7$aHaikai.$2fast$0(OCoLC)fst00950285
=650  \7$aTravel.$2fast$0(OCoLC)fst01155558
=651  \7$aJapan.$2fast$0(OCoLC)fst01204082
=655  \7$aDiaries.$2fast$0(OCoLC)fst01423794
=700  1\$6880-09$aImoto, Nōichi,$d1913-1998
=773  0\$tJapanKnowledge
=776  08$iPrint version:$tMatsuo Bashō shū
=830  \0$6880-10$aShinpen Nihon koten bungaku zenshū$v70-71.
=856  40$3JapanKnowledge$uhttp://japanknowledge.com/lib/display/?lid=80110V00700001$yJapanKnowledge Lib
=880  1\$6100-01$a松尾芭蕉,$d1644-1694,$eauthor
=880  10$6245-02$a松尾芭蕉集 /$c注解井本農一 [and others].
=880  \1$6264-04$a東京 :$b小学館,$c1995-1997.
=880  1\$6490-05$a新編日本古典文学全集 ;$v70-71
=880  0\$6505-06$a1. 全発句 -- 2. 紀行・日記編, 俳文編, 連句編.
=880  14$6600-07$a松尾芭蕉,$d1644-1694$xJourneys$zJapan.
=880  14$6600-08$a松尾芭蕉,$d1644-1694$vDiaries.
=880  1\$6700-09$a井本農一,$d1913-1998.
=880  \0$6830-10$a新編日本古典文学全集 ;$v70-71.
=859  \\$aORR$bJapanKnowledge
=CAT  \\$aW1704-1242$b00$c20170509$lBLL01$h0927
=CAT  \\$aBATCH-UPD$b00$c20170509$lBLL01$h0936
=CAT  \\$aBATCH-UPD$b00$c20170509$lBLL01$h0939
=CAT  \\$aW2003-0365$c20200305$lBLL01$h1101
=CAT  \\$aBATCH-UPD$b00$c20200918$lBLL01$h2045
=FIN  \\$aY$d20170509
=SID  \\$aZ30$bOCLC
=SRC  \\$aJapanKnowledge_2017$bJK_OCLC20170203.mrc
=LAS  \\$aBATCH-UPD$b00$c20200918$lBLL01$h2045

