=LDR  02826 am a22006854i 4500
=001  018338370
=003  Uk
=005  20170106043138.0
=006  m\\\\\o\\d\\\\\\\\
=007  cr\|||||||||||
=008  151112s2001\\\\ja\a\\\\ob\\\\000\0\jpn\d
=FMT  \\$a  BK
=020  \\$z4096580880
=020  \\$z9784096580882
=035  \\$a(OCoLC)928949905
=040  \\$aYUS$beng$cYUS$dOCLCO$dYUS$dOCLCO$dUk$erda$epn
=050  \4$aPL732.R4$bR45 2001
=245  00$6880-01$aRenga ronshū, nōgaku ronshū, haironshū /$ckōchū yaku Okuda Isao [and others].
=246  30$6880-02$aNōgaku ronshū
=246  30$6880-03$aHaironshū
=264  \1$6880-05$aTōkyō :$bShogakukan,$c2001.
=300  \\$a1 online resource.
=336  \\$atext$btxt$2rdacontent
=337  \\$acomputer$bc$2rdamedia
=338  \\$aonline resource$bcr$2rdacarrier
=490  1\$6880-06$aShinpen Nihon koten bungaku zenshū ;$v88
=504  \\$aIncludes bibliographical references (page 670).
=588  \\$aDescription based on print version.
=650  \0$aHaikai$xHistory and criticism.
=650  \0$aNō$xHistory.
=650  \0$aRenga$xHistory and criticism.
=650  \7$aHaikai.$2fast$0(OCoLC)fst00950285
=650  \7$aNō.$2fast$0(OCoLC)fst01042524
=650  \7$aRenga.$2fast$0(OCoLC)fst01094621
=655  \7$aCriticism, interpretation, etc.$2fast$0(OCoLC)fst01411635
=655  \7$aHistory.$2fast$0(OCoLC)fst01411628
=700  1\$6880-07$aOkuda, Isao,$d1936-
=773  0\$tJapanKnowledge
=776  08$iPrint version:$tRenga ronshū, nōgaku ronshū, haironshū
=830  \0$6880-08$aShinpen Nihon koten bungaku zenshū$v88.
=856  40$3JapanKnowledge Volume 3$uhttp://japanknowledge.com/lib/display/?lid=80110V00880421$yJapanKnowledge Lib
=856  40$3JapanKnowledge Volume 1$uhttp://japanknowledge.com/lib/display/?lid=80110V00880007$yJapanKnowledge Lib
=856  40$3JapanKnowledge Volume 2$uhttp://japanknowledge.com/lib/display/?lid=80110V00880203$yJapanKnowledge Lib
=880  00$6245-01$a連歌論集, 能楽論集, 俳論集 /$c校注・訳奥田勲 [and others].
=880  30$6246-02$a能楽論集
=880  30$6246-03$a俳論集
=880  \1$6264-05$a東京 :$b小学館,$c2001.
=880  1\$6490-06$a新編日本古典文学全集 ;$v88
=880  1\$6700-07$a奥田勲,$d1936-
=880  \0$6830-08$a新編日本古典文学全集 ;$v88.
=859  \\$aORR$bJapanKnowledge
=CAT  \\$aW1704-1242$b00$c20170509$lBLL01$h0927
=CAT  \\$aBATCH-UPD$b00$c20170509$lBLL01$h0936
=CAT  \\$aBATCH-UPD$b00$c20170509$lBLL01$h0939
=CAT  \\$aW2003-0365$c20200305$lBLL01$h1101
=CAT  \\$aBATCH-UPD$b00$c20200918$lBLL01$h2045
=FIN  \\$aY$d20170509
=SID  \\$aZ30$bOCLC
=SRC  \\$aJapanKnowledge_2017$bJK_OCLC20170203.mrc
=LAS  \\$aBATCH-UPD$b00$c20200918$lBLL01$h2045

