=LDR  02272 am a22005894i 4500
=001  018338371
=003  Uk
=005  20170106043139.0
=006  m\\\\\o\\d\\\\\\\\
=007  cr\|||||||||||
=008  151113s1970\\\\ja\\\\\\ob\\\\000\0\jpn\d
=FMT  \\$a  BK
=020  \\$z4560054681
=020  \\$z9784560054680
=035  \\$a(OCoLC)929029057
=040  \\$aWTU$beng$cYUS$dOCLCO$dYUS$dOCLCO$dOCLCF$dUk$erda$epn
=041  1\$ajpn$hfre
=100  1\$aPiaget, Jean,$d1896-1980,$eauthor.
=240  10$aLe structuralisme.$lJapanese
=245  10$6880-01$aKōzōshugi /$cJan Piaje cho ; Takizawa Takehisa, Sasaki Akira kyōyaku.
=264  \1$6880-02$aTōkyō :$bHakusuisha,$c1970.
=300  \\$a1 online resource.
=336  \\$atext$btxt$2rdacontent
=337  \\$acomputer$bc$2rdamedia
=338  \\$aonline resource$bcr$2rdacarrier
=490  1\$6880-03$aBunko kuseju ;$v468
=504  \\$aIncludes bibliographical references.
=588  \\$aDescription based on print version.
=650  \0$aStructuralism.
=650  \7$aStructuralism.$2fast$0(OCoLC)fst01135732
=700  1\$6880-04,$aTakizawa, Takehisa,$d1931-$etranslator.
=700  1\$6880-05$aSasaki, Akira,$d1934-$etranslator.
=700  1\$iTranslation of:$aPiaget, Jean,$d1896-1980.$tLe structuralisme.
=773  0\$tJapanKnowledge
=776  08$iPrint version:$tKōzōshugi
=830  \0$6880-06$aBunko kuseju$v468.
=856  40$3JapanKnowledge$uhttp://japanknowledge.com/lib/display/?lid=8021004680000$yJapanKnowledge Lib
=880  10$6245-01$a構造主義 /$cジャン・ピアジェ著 ; 滝沢武久, 佐々木明共訳.
=880  \1$6264-02$a東京 :$b白水社,$c1970.
=880  1\$6490-03$a文庫クセジュ ;$v468
=880  1\$6700-04$a滝沢武久,$d1931-$etranslator.
=880  1\$6700-05$a佐々木明,$d1934-$etranslator.
=880  \0$6830-06$a文庫クセジュ ;$v468.
=859  \\$aORR$bJapanKnowledge
=CAT  \\$aW1704-1242$b00$c20170509$lBLL01$h0927
=CAT  \\$aBATCH-UPD$b00$c20170509$lBLL01$h0936
=CAT  \\$aBATCH-UPD$b00$c20170509$lBLL01$h0940
=CAT  \\$aW2003-0365$c20200305$lBLL01$h1101
=FIN  \\$aY$d20170509
=SID  \\$aZ30$bOCLC
=SRC  \\$aJapanKnowledge_2017$bJK_OCLC20170203.mrc
=LAS  \\$aW2003-0365$b00$c20200305$lBLL01$h1101

