=LDR  02389 am a22005657a 4500
=001  018338372
=003  Uk
=005  20170106043139.0
=006  m\\\\\o\\d\\\\\\\\
=007  cr\un|||||||||
=008  090131s1996\\\\ja\\\\\\o\\\\\000\0\jpn\d
=FMT  \\$a  BK
=035  \\$a(OCoLC)300723931
=040  \\$aOCLCE$beng$cOCLCE$dOCL$dCUS$dOCLCQ$dOCLCA$dOCLCQ$dOCLCF$dYUS$dOCLCO$dYUS$dOCLCO$dOCLCQ$dYUS$dOCLCO$dUk$epn
=041  1\$aurd$ajpn$hurd
=050  \4$aPK2198.M47$bA26 1996
=100  1\$aMīr, Mīr Taqī,$d-1810.
=240  10$aWorks.$kSelections.$lJapanese.$f1996
=245  10$6880-01$aMīru kyōren shishū :$bchūsei Indo jojōshi /$cMīru cho ; Matsumura Takamitsu yakuchū.
=250  \\$6880-02$aShohan.
=260  \\$6880-03$aTōkyō :$bHeibonsha,$c1996.
=300  \\$a1 online resource (293 pages).
=336  \\$atext$btxt$2rdacontent
=337  \\$acomputer$bc$2rdamedia
=338  \\$aonline resource$bcr$2rdacarrier
=490  1\$6880-04$aTōyō bunko ;$v602
=588  0\$aPrint version record.
=600  10$aMīr, Mīr Taqī,$d-1810$vTranslations into Japanese.
=600  17$aMīr, Mīr Taqī,$d-1810$2fast$0(OCoLC)fst01835179
=655  \7$aTranslations.$2fast$0(OCoLC)fst01423791
=700  1\$6880-05$aMatsumura, Takamitsu,$d1955-
=773  0\$tJapanKnowledge
=776  08$iPrint version:$aMīr, Mīr Taqī, -1810.$sSelections. Japanese. 1996.$tMīru kyōren shishū.$bShohan.$dTōkyō : Heibonsha, 1996$z4582806023$z9784582806021
=830  \0$6880-06$aTōyō bunko$v602.
=856  40$3JapanKnowledge$uhttp://japanknowledge.com/lib/display/?lid=80010V0602P0002$yJapanKnowledge Lib
=880  10$6245-01/{dollar}1$aミール狂恋詩集 :$b中世インド抒情詩 /$cミール著 ; 松村耕光訳注.
=880  \\$6250-02/{dollar}1$a初版.
=880  \\$6260-03/{dollar}1$a東京 :$b平凡社,$c1996.
=880  1\$6490-04/{dollar}1$a東洋文庫 ;$v602
=880  1\$6700-05/{dollar}1$a松村耕光,$d1955-
=880  \0$6830-06/{dollar}1$a東洋文庫 ;$v602.
=859  \\$aORR$bJapanKnowledge
=CAT  \\$aW1704-1242$b00$c20170509$lBLL01$h0927
=CAT  \\$aBATCH-UPD$b00$c20170509$lBLL01$h0936
=CAT  \\$aBATCH-UPD$b00$c20170509$lBLL01$h0939
=CAT  \\$aW2003-0365$c20200305$lBLL01$h1101
=FIN  \\$aY$d20170509
=SID  \\$aZ30$bOCLC
=SRC  \\$aJapanKnowledge_2017$bJK_OCLC20170203.mrc
=LAS  \\$aW2003-0365$b00$c20200305$lBLL01$h1101

