=LDR  01994 am a22005534i 4500
=001  018338373
=003  Uk
=005  20170106043139.0
=006  m\\\\\o\\d\\\\\\\\
=007  cr\|||||||||||
=008  151113s1990\\\\ja\\\\\\o\\\\\000\0\jpn\d
=FMT  \\$a  BK
=020  \\$z4560057036
=020  \\$z9784560057032
=035  \\$a(OCoLC)929030629
=040  \\$aYUS$beng$cYUS$dYUS$dOCLCO$dOCLCF$dUk$erda$epn
=041  1\$ajpn$hfre
=245  00$6880-01$aŌkesutora /$cAran Ruvie cho ; Yamamoto Satoru, Komatsu Hiroaki yaku.
=264  \1$6880-02$aTōkyō :$bHakusuisha,$c1990.
=300  \\$a1 online resource.
=336  \\$atext$btxt$2rdacontent
=337  \\$acomputer$bc$2rdamedia
=338  \\$aonline resource$bcr$2rdacarrier
=490  1\$6880-03$aBunko kuseju ;$v703
=588  \\$aDescription based on print version.
=650  \0$aOrchestra.
=650  \7$aOrchestra.$2fast$0(OCoLC)fst01047284
=700  1\$6880-04$aYamamoto, Satoru,$d1946-
=700  1\$6880-05$aKomatsu, Hiroaki,$d1941-
=700  1\$aLouvier, Alain.
=730  0\$aL'orchestre.
=773  0\$tJapanKnowledge
=776  08$iPrint version:$tŌkesutora.
=830  \0$6880-06$aBunko kuseju$v703.
=856  40$3JapanKnowledge$uhttp://japanknowledge.com/lib/display/?lid=8021007030000$yJapanKnowledge Lib
=880  00$6245-01/{dollar}1$aオーケストラ /$cアラン・ルヴィエ著 ; 山本省, 小松敬明訳.
=880  \1$6264-02/{dollar}1$a東京 :$b白水社,$c1990.
=880  1\$6490-03/{dollar}1$a文庫クセジュ ;$v703
=880  1\$6700-04/{dollar}1$a山本省,$d1946-
=880  1\$6700-05/{dollar}1$a小松敬明,$d1941-
=880  \0$6830-06/{dollar}1$a文庫クセジュ ;$v703.
=859  \\$aORR$bJapanKnowledge
=CAT  \\$aW1704-1242$b00$c20170509$lBLL01$h0927
=CAT  \\$aBATCH-UPD$b00$c20170509$lBLL01$h0936
=CAT  \\$aW2003-0365$c20200305$lBLL01$h1101
=FIN  \\$aY$d20170509
=SID  \\$aZ30$bOCLC
=SRC  \\$aJapanKnowledge_2017$bJK_OCLC20170203.mrc
=LAS  \\$aW2003-0365$b00$c20200305$lBLL01$h1101

