=LDR  02503 am a22005774i 4500
=001  018338374
=003  Uk
=005  20170106043139.0
=006  m\\\\\o\\d\\\\\\\\
=007  cr\|||||||||||
=008  160115s1998\\\\ja\\\\\\o\\\\\000\0\jpn\d
=FMT  \\$a  BK
=020  \\$z4560058032
=020  \\$z9784560058039
=035  \\$a(OCoLC)934799124
=040  \\$aSTF$beng$cYUS$dOCLCO$dYUS$dOCLCO$dOCLCF$dUk$erda$epn
=041  1\$ajpn$hfre
=050  \4$aRA644.A25$bS4163 1998
=100  1\$aSeytre, Bernard,$eauthor.
=240  10$aHistoire de la recherche sur le SIDA.$lJapanese
=245  10$6880-01$aEizu kenkyū no rekishi /$cBerunāru Seitoru cho ; Tsukada Takashi yaku.
=264  \1$6880-02$aTōkyō :$bHakusuisha,$c1998.
=300  \\$a1 online resource.
=336  \\$atext$btxt$2rdacontent
=337  \\$acomputer$bc$2rdamedia
=338  \\$aonline resource$bcr$2rdacarrier
=490  1\$6880-03$aBunko kuseju ;$v803
=500  \\$aTranslation of: Histoire de la recherche sur le SIDA. Paris : Presses universitaires de France, 1995.
=588  \\$aDescription based on print version record.
=650  \0$aAIDS (Disease)$xResearch.
=650  \7$aAIDS (Disease)$xResearch.$2fast$0(OCoLC)fst00793941
=700  1\$6880-04$aTsukada, Takashi,$d1926-$etranslator.
=730  0\$aHistoire de la recherche sur le SIDA.
=773  0\$tJapanKnowledge
=776  08$6880-05$iPrint version:$aSeytre, Bernard.$sHistoire de la recherche sur le SIDA. Japanese.$tEizu kenkyū no rekishi.$dTōkyō : Hakusuisha, 1998
=830  \0$6880-06$aBunko kuseju$v803.
=856  40$3JapanKnowledge$uhttp://japanknowledge.com/lib/display/?lid=8021008030000$yJapanKnowledge Lib
=880  10$6245-01$aエイズ研究の歴史 /$cベルナール・セイトル著 ; 塚田隆訳.
=880  \1$6264-02$a東京 :$b白水社,$c1998.
=880  1\$6490-03$a文庫クセジュ ;$v803
=880  1\$6700-04$a塚田隆,$d1926-$etranslator.
=880  08$6776-05$iPrint version:$aSeytre, Bernard.$sHistoire de la recherche sur le SIDA. Japanese.$tエイズ研究の歴史.$d東京 : 白水社, 1998$w(OCoLC)47332428
=880  \0$6830-06$a文庫クセジュ ;$v803.
=859  \\$aORR$bJapanKnowledge
=CAT  \\$aW1704-1242$b00$c20170509$lBLL01$h0927
=CAT  \\$aBATCH-UPD$b00$c20170509$lBLL01$h0936
=CAT  \\$aW2003-0365$c20200305$lBLL01$h1101
=FIN  \\$aY$d20170509
=SID  \\$aZ30$bOCLC
=SRC  \\$aJapanKnowledge_2017$bJK_OCLC20170203.mrc
=LAS  \\$aW2003-0365$b00$c20200305$lBLL01$h1101

