=LDR  03018 am a22007217a 4500
=001  018338375
=003  Uk
=005  20170106043140.0
=006  m\\\\\o\\d\\\\\\\\
=007  cr\|||||||||||
=008  100323s1984\\\\ja\a\\\\ob\\\\000\0ajpn\d
=FMT  \\$a  BK
=019  \\$a300496467
=035  \\$a(OCoLC)567413785$z(OCoLC)300496467
=040  \\$aOCLCE$beng$cOCLCE$dOCLCQ$dCUS$dOCLCQ$dOCLCO$dOCLCF$dYUS$dOCLCO$dYUS$dOCLCO$dOCL$dOCLCQ$dYUS$dOCLCO$dUk$epn
=041  1\$ajpn$heng
=042  \\$adlr
=043  \\$aa-ja---
=050  \4$aDS809$b.G86163 1984
=100  1\$aGriffis, William Elliot,$d1843-1928.
=240  10$aMikado's Empire.$n2.$pPersonal experiences, observations, and studies in Japan 1870-1874.$lJapanese
=245  10$6880-01$aMeiji Nihon taikenki /$cGurifisu ; Yamashita Eiichi yaku.
=246  3\$aMeiji Nippon taikenki
=246  30$6880-02$aNihon taikenki
=250  \\$6880-03$aShohan.
=260  \\$6880-04$aTōkyō :$bHeibonsha,$c1984.
=300  \\$a1 online resource (iv, 343, 16 pages) :$billustrations.
=336  \\$atext$btxt$2rdacontent
=337  \\$acomputer$bc$2rdamedia
=338  \\$aonline resource$bcr$2rdacarrier
=490  1\$6880-05$aTōyō bunko ;$v430
=500  \\$aList of the author's works: p. 341-343.
=504  \\$aIncludes bibliographical references.
=588  0\$aPrint version record.
=600  10$aGriffis, William Elliot,$d1843-1928$xTravel$zJapan.
=600  17$aGriffis, William Elliot,$d1843-1928$2fast$0(OCoLC)fst00010558
=648  \7$a1868-1912$2fast
=650  \7$aManners and customs.$2fast$0(OCoLC)fst01007815
=650  \7$aTravel.$2fast$0(OCoLC)fst01155558
=651  \0$aJapan$xDescription and travel.
=651  \0$aJapan$xSocial life and customs$y1868-1912.
=651  \7$aJapan.$2fast$0(OCoLC)fst01204082
=700  1\$6880-06$aYamashita, Eiichi,$d1934-
=773  0\$tJapanKnowledge
=776  08$iPrint version:$aGriffis, William Elliot, 1843-1928.$sMikado's Empire. 2. Personal experiences, observations, and studies in Japan 1870-1874. Japanese.$tMeiji Nihon taikenki.$bShohan.$dTōkyō : Heibonsha, 1984
=830  \0$6880-07$aTōyō bunko$v430.
=856  40$3JapanKnowledge$uhttp://japanknowledge.com/lib/display/?lid=80010V0430P0002$yJapanKnowledge Lib
=880  10$6245-01/{dollar}1$a明治日本体験記 /$cグリフィス ; 山下英一訳.
=880  30$6246-02/{dollar}1$a日本体験記
=880  \\$6250-03/{dollar}1$a初版.
=880  \\$6260-04/{dollar}1$a東京 :$b平凡社,$c1984.
=880  1\$6490-05/{dollar}1$a東洋文庫 ;$v430
=880  1\$6700-06/{dollar}1$a山下英一,$d1934-
=880  \0$6830-07/{dollar}1$a東洋文庫 ;$v430.
=859  \\$aORR$bJapanKnowledge
=CAT  \\$aW1704-1242$b00$c20170509$lBLL01$h0927
=CAT  \\$aBATCH-UPD$b00$c20170509$lBLL01$h0936
=CAT  \\$aBATCH-UPD$b00$c20170509$lBLL01$h0939
=CAT  \\$aW2003-0365$c20200305$lBLL01$h1101
=FIN  \\$aY$d20170509
=SID  \\$aZ30$bOCLC
=SRC  \\$aJapanKnowledge_2017$bJK_OCLC20170203.mrc
=LAS  \\$aW2003-0365$b00$c20200305$lBLL01$h1101

