=LDR  02482 am a22005894i 4500
=001  018338376
=003  Uk
=005  20170106043140.0
=006  m\\\\\o\\d\\\\\\\\
=007  cr\|||||||||||
=008  160115s1965\\\\ja\\\\\\ob\\\\000\0\jpn\d
=FMT  \\$a  BK
=020  \\$z456005374X
=020  \\$z9784560053744
=035  \\$a(OCoLC)934799103
=040  \\$aSTF$beng$cYUS$dOCLCO$dYUS$dOCLCO$dOCLCF$dUk$erda$epn
=041  1\$ajpn$hfre
=050  \4$aB829.5$b.L9163 1965
=100  1\$aLyotard, Jean-François,$d1924-1998,$eauthor.
=240  10$aPhénoménologie.$lJapanese
=245  10$6880-01$aGenshōgaku /$cJan Furansowa Riotāru cho ; Takahashi Nobuaki yaku.
=264  \1$6880-02$aTōkyō :$bHakusuisha,$c1965.
=300  \\$a1 online resource.
=336  \\$atext$btxt$2rdacontent
=337  \\$acomputer$bc$2rdamedia
=338  \\$aonline resource$bcr$2rdacarrier
=490  1\$6880-03$aBunko kuseju ;$v374
=500  \\$aTranslation of: Le phénoménologie. Paris : Presses Universitaires de France, 1964.
=504  \\$aIncludes bibliographical references.
=588  \\$aDescription based on print version record.
=650  \0$aPhenomenology.
=650  \7$aPhenomenology.$2fast$0(OCoLC)fst01060522
=700  1\$6880-04,$aTakahashi, Nobuaki,$d1931-$etranslator.
=730  0\$aPhénoménologie.
=773  0\$tJapanKnowledge
=776  08$6880-05$iPrint version:$aLyotard, Jean-François, 1924-1998.$sPhénoménologie. Japanese.$tGenshōgaku.$dTōkyō : Hakusuisha, 1965
=830  \0$6880-06$aBunko kuseju$v374.
=856  40$3JapanKnowledge$uhttp://japanknowledge.com/lib/display/?lid=8021003740000$yJapanKnowledge Lib
=880  10$6245-01$a現象学 /$cジャン-フランソワ・リオタール著 ; 高橋允昭訳.
=880  \1$6264-02$a東京 :$b白水社,$c1965.
=880  1\$6490-03$a文庫クセジュ ;$v374
=880  1\$6700-04$a高橋允昭,$d1931-$etranslator.
=880  08$6776-05$iPrint version:$aLyotard, Jean-François, 1924-1998.$sPhénoménologie. Japanese.$t現象学 .$d東京 : 白水社, 1965$w(OCoLC)33650741
=880  \0$6830-06$a文庫クセジュ ;$v374.
=859  \\$aORR$bJapanKnowledge
=CAT  \\$aW1704-1242$b00$c20170509$lBLL01$h0927
=CAT  \\$aBATCH-UPD$b00$c20170509$lBLL01$h0936
=CAT  \\$aW2003-0365$c20200305$lBLL01$h1101
=FIN  \\$aY$d20170509
=SID  \\$aZ30$bOCLC
=SRC  \\$aJapanKnowledge_2017$bJK_OCLC20170203.mrc
=LAS  \\$aW2003-0365$b00$c20200305$lBLL01$h1101

