=LDR  02522 am a22006374i 4500
=001  018338377
=003  Uk
=005  20170106043140.0
=006  m\\\\\o\\d\\\\\\\\
=007  cr\|||||||||||
=008  151113s1990\\\\ja\\\\\\o\\\\\000\0\jpn\d
=FMT  \\$a  BK
=020  \\$z4560057052
=020  \\$z9784560057056
=035  \\$a(OCoLC)929030643
=040  \\$aYUS$beng$cYUS$dYUS$dOCLCO$dOCLCF$dOCL$dUk$erda$epn
=041  1\$ajpn$hfre
=043  \\$ae-fr---
=245  00$6880-01$aTaidoku kyōryoku no rekishi /$cJan Dofurānu cho ; Ōkubo Toshihiko, Matsumoto Shin'ichirō yaku.
=264  \1$6880-02$aTōkyō :$bHakusuisha,$c1990.
=300  \\$a1 online resource.
=336  \\$atext$btxt$2rdacontent
=337  \\$acomputer$bc$2rdamedia
=338  \\$aonline resource$bcr$2rdacarrier
=490  1\$6880-03$aBunko kuseju ;$v705
=588  \\$aDescription based on print version.
=611  27$aGerman Occupation of France (1940-1945)$2fast$0(OCoLC)fst01353176
=611  27$aWorld War (1939-1945)$2fast$0(OCoLC)fst01180924
=648  \7$a1939-1945$2fast
=650  \0$aWorld War, 1939-1945$xCollaborationists$zFrance.
=650  \7$aCollaborationists.$2fast$0(OCoLC)fst00867081
=651  \0$aFrance$xHistory$yGerman occupation, 1940-1945.
=651  \7$aFrance.$2fast$0(OCoLC)fst01204289
=655  \7$aHistory.$2fast$0(OCoLC)fst01411628
=700  1\$6880-04$aŌkubo, Toshihiko,$d1937-
=700  1\$6880-05$aMatsumoto, Shin'ichirō,$d1948-1993.
=700  1\$aDefrasne, Jean.
=730  0\$aHistoire de la collaboration.
=773  0\$tJapanKnowledge
=776  08$iPrint version:$tTaidoku kyōryoku no rekishi.
=830  \0$6880-06$aBunko kuseju$v705.
=856  40$3JapanKnowledge$uhttp://japanknowledge.com/lib/display/?lid=8021007050000$yJapanKnowledge Lib
=880  00$6245-01/{dollar}1$a対独協力の歴史 /$cジャン・ドフラーヌ著 ; 大久保敏彦, 松本真一郎訳.
=880  \1$6264-02/{dollar}1$a東京 :$b白水社,$c1990.
=880  1\$6490-03/{dollar}1$a文庫クセジュ ;$v705
=880  1\$6700-04/{dollar}1$a大久保敏彦,$d1937-
=880  1\$6700-05/{dollar}1$a松本真一郎,$d1948-1993.
=880  \0$6830-06/{dollar}1$a文庫クセジュ ;$v705.
=859  \\$aORR$bJapanKnowledge
=CAT  \\$aW1704-1242$b00$c20170509$lBLL01$h0927
=CAT  \\$aBATCH-UPD$b00$c20170509$lBLL01$h0936
=CAT  \\$aW2003-0365$c20200305$lBLL01$h1101
=FIN  \\$aY$d20170509
=SID  \\$aZ30$bOCLC
=SRC  \\$aJapanKnowledge_2017$bJK_OCLC20170203.mrc
=LAS  \\$aW2003-0365$b00$c20200305$lBLL01$h1101

