=LDR  02320 am a2200565 a 4500
=001  018338378
=003  Uk
=005  20170106043141.0
=006  m\\\\\o\\d\\\\\\\\
=007  cr\un|||||||||
=008  120202s1978\\\\ja\a\\\\ob\\\\000\1\jpn\d
=FMT  \\$a  BK
=035  \\$a(OCoLC)774921509
=040  \\$aCUS$beng$cCUS$dCUS$dOCLCO$dOCLCQ$dOCLCO$dOCLCF$dYUS$dOCLCO$dYUS$dOCLCO$dOCLCQ$dYUS$dOCLCO$dUk
=041  1\$ajpn$hara
=050  \4$aPJ7741.B5$bJ3 1978
=130  0\$aKalīlah wa-Dimnah.$lJapanese.
=245  10$6880-01$aKarīra to dimuna :$bArabia no gūwa /$cIbunu Ru Mukkafai ; Kikuchi Yoshiko yaku.
=250  \\$6880-02$aShohan.
=260  \\$6880-03$aTōkyō :$bHeibonsha,$cShōwa 53 [1978]
=300  \\$a1 online resource (iv, 355, 11 pages) :$billustrations.
=336  \\$atext$btxt$2rdacontent
=337  \\$acomputer$bc$2rdamedia
=338  \\$aonline resource$bcr$2rdacarrier
=490  1\$6880-04$aTōyō bunko ;$v331
=500  \\$aTranslation of: Kalīlah wa-Dimnah.
=504  \\$aIncludes bibliographical references (pages 8-9 (3rd group)).
=588  0\$aPrint version record.
=650  \0$aFolk literature, Arabic.
=650  \7$aFolk literature, Arabic.$2fast$0(OCoLC)fst00928918
=700  0\$aIbn al-Muqaffaʿ,$d-approximately 760.
=700  1\$6880-05$aKikuchi, Yoshiko.
=773  0\$tJapanKnowledge
=776  08$iPrint version:$tKarīra to dimuna.$bShohan.$dTōkyō : Heibonsha, Shōwa 53 [1978]
=830  \0$6880-06$aTōyō bunko$v331.
=856  40$3JapanKnowledge$uhttp://japanknowledge.com/lib/display/?lid=80010V0331P0002$yJapanKnowledge Lib
=880  10$6245-01/{dollar}1$aカリーラとディムナ :$bアラビアの寓話 /$cイブヌ・ル・ムカッファイ ; 菊地淑子訳.
=880  \\$6250-02/{dollar}1$a初版.
=880  \\$6260-03/{dollar}1$a東京 :$b平凡社,$c昭和53 [1978]
=880  1\$6490-04/{dollar}1$a東洋文庫 ;$v331
=880  1\$6700-05/{dollar}1$a菊地淑子.
=880  \0$6830-06/{dollar}1$a東洋文庫 ;$v331.
=859  \\$aORR$bJapanKnowledge
=CAT  \\$aW1704-1242$b00$c20170509$lBLL01$h0927
=CAT  \\$aBATCH-UPD$b00$c20170509$lBLL01$h0936
=CAT  \\$aW2003-0365$c20200305$lBLL01$h1101
=FIN  \\$aY$d20170509
=SID  \\$aZ30$bOCLC
=SRC  \\$aJapanKnowledge_2017$bJK_OCLC20170203.mrc
=LAS  \\$aW2003-0365$b00$c20200305$lBLL01$h1101

