=LDR  02547 am a22006257a 4500
=001  018338379
=003  Uk
=005  20170106043141.0
=006  m\\\\\o\\d\\\\\\\\
=007  cr\un|||||||||
=008  120321s1966\\\\ja\a\\\\o\\\\\001\0\jpn\d
=FMT  \\$a  BK
=035  \\$a(OCoLC)781180822
=040  \\$aCUS$beng$cCUS$dOCLCQ$dOCLCF$dOCLCO$dYUS$dOCLCO$dOCLCQ$dYUS$dOCLCO$dOCL$dOCLCQ$dYUS$dOCLCO$dUk
=043  \\$aa-cc---
=050  \4$aDS754.14$b.N3
=100  1\$6880-01$aNakagawa, Tadateru,$d1753-1830
=245  10$6880-02$aShinzoku kibun /$cNakagawa Tadateru cho ; Son Hakujun, Muramatsu Kazuya hen.
=250  \\$6880-03$aShohan.
=260  \\$6880-04$aTōkyō :$bHeibonsha,$c1966.
=300  \\$a1 online resource (2 volumes) :$billustrations.
=336  \\$atext$btxt$2rdacontent
=337  \\$acomputer$bc$2rdamedia
=338  \\$aonline resource$bcr$2rdacarrier
=490  1\$6880-05$aTōyō bunko ;$v62, 70
=500  \\$aIncludes index.
=588  0\$aPrint version record.
=648  \7$a1644-1912$2fast
=650  \7$aManners and customs.$2fast$0(OCoLC)fst01007815
=651  \0$aChina$xSocial life and customs$y1644-1912.
=651  \7$aChina.$2fast$0(OCoLC)fst01206073
=700  1\$6880-06$aSun, Bochun,$d1891-1973
=700  1\$6880-07$aMuramatsu, Kazuya,$d1926-
=773  0\$tJapanKnowledge
=776  08$iPrint version:$aNakagawa, Tadahide, -1830.$tShinzoku kibun.$bShohan.$dTōkyō : Heibonsha, 1966
=830  \0$6880-08$aTōyō bunko$v62, 70.
=856  40$3JapanKnowledge Volume 2$uhttp://japanknowledge.com/lib/display/?lid=80010V0070P0002$yJapanKnowledge Lib
=856  40$3JapanKnowledge Volume 1$uhttp://japanknowledge.com/lib/display/?lid=80010V0062P0002$yJapanKnowledge Lib
=880  1\$6100-01/{dollar}1$a中川忠英,$d1753-1830.
=880  10$6245-02/{dollar}1$a清俗紀聞 /$c中川忠英著 ; 孫伯醇, 村松一弥編.
=880  \\$6250-03/{dollar}1$a初版.
=880  \\$6260-04/{dollar}1$a東京 :$b平凡社,$c1966.
=880  1\$6490-05/{dollar}1$a東洋文庫 ;$v62, 70
=880  1\$6700-06/{dollar}1$a孫伯醇,$d1891-1973.
=880  1\$6700-07/{dollar}1$a村松一弥,$d1926-
=880  \0$6830-08/{dollar}1$a東洋文庫 ;$v62, 70.
=859  \\$aORR$bJapanKnowledge
=CAT  \\$aW1704-1242$b00$c20170509$lBLL01$h0927
=CAT  \\$aBATCH-UPD$b00$c20170509$lBLL01$h0936
=CAT  \\$aBATCH-UPD$b00$c20170509$lBLL01$h0939
=CAT  \\$aW2003-0365$c20200305$lBLL01$h1101
=FIN  \\$aY$d20170509
=SID  \\$aZ30$bOCLC
=SRC  \\$aJapanKnowledge_2017$bJK_OCLC20170203.mrc
=LAS  \\$aW2003-0365$b00$c20200305$lBLL01$h1101

