=LDR  03163 am a22007334i 4500
=001  018338380
=003  Uk
=005  20170106043141.0
=006  m\\\\\o\\d\\\\\\\\
=007  cr\|||||||||||
=008  151112s1999\\\\ja\a\\\\ob\\\\001\0\jpn\d
=FMT  \\$a  BK
=020  \\$z4096580791
=020  \\$z9784096580790
=035  \\$a(OCoLC)928950406
=040  \\$aYUS$beng$cYUS$dOCLCO$dYUS$dOCL$dYUS$dOCLCO$dUk$erda$epn
=043  \\$aa-ja---
=050  \4$aPL776.835$b.K53 1999
=245  00$6880-01$aKibyōshi, Senryū, Kyōka /$cchūkai Tanahashi Masahiro, Suzuki Katsutada, Uda Toshihiko.
=264  \1$6880-02$aTōkyō :$bShōgakkan,$c1999.
=300  \\$a1 online resource.
=336  \\$atext$btxt$2rdacontent
=337  \\$acomputer$bc$2rdamedia
=338  \\$aonline resource$bcr$2rdacarrier
=490  1\$6880-03$aShinpen Nihon koten bungaku zenshū ;$v79
=504  \\$6880-04$aIncludes bibliographical references and indexes.
=505  0\$aKibyōshi / Tanahashi Masahiro kōchū -- Senryū / Suzuki Katsutada kōchū -- Kyōka / Uda Toshihiko kōchū.
=588  \\$aDescription based on print version.
=648  \7$a1600-1868$2fast
=650  \0$aJapanese wit and humor$yEdo period, 1600-1868.
=650  \0$aKusazōshi.
=650  \0$aKyōka.
=650  \0$aSenryu.
=650  \7$aJapanese wit and humor$xEdo period.$2fast$0(OCoLC)fst01710991
=650  \7$aKusazōshi.$2fast$0(OCoLC)fst01730928
=650  \7$aKyōka.$2fast$0(OCoLC)fst00989623
=650  \7$aSenryu.$2fast$0(OCoLC)fst01112539
=700  1\$6880-05$aTanahashi, Masahiro,$d1947-
=700  1\$6880-06$aSuzuki, Katsutada,$d1923-
=700  1\$6880-07$aUda, Toshihiko,$d1934-
=773  0\$tJapanKnowledge
=776  08$iPrint version:$tKibyōshi, Senryū, Kyōka
=830  \0$6880-08$aShinpen Nihon koten bungaku zenshū$v79.
=856  40$3JapanKnowledge Volume 3$uhttp://japanknowledge.com/lib/display/?lid=80110V00790477$yJapanKnowledge Lib
=856  40$3JapanKnowledge Volume 1$uhttp://japanknowledge.com/lib/display/?lid=80110V00790011$yJapanKnowledge Lib
=856  40$3JapanKnowledge Volume 2$uhttp://japanknowledge.com/lib/display/?lid=80110V00790249$yJapanKnowledge Lib
=880  00$6245-01/{dollar}1$a黄表紙・川柳・狂歌 /$c注解棚橋正博, 鈴木勝忠, 宇田敏彦.
=880  \1$6264-02/{dollar}1$a東京 :$b小学館,$c1999.
=880  1\$6490-03/{dollar}1$a新編日本古典文学全集 ;$v79
=880  \\$6504-04/{dollar}1$a黄表紙・川柳・狂歌作品年表: pages 605-622.
=880  1\$6700-05/{dollar}1$a棚橋正博,$d1947-
=880  1\$6700-06/{dollar}1$a鈴木勝忠,$d1923-
=880  1\$6700-07/{dollar}1$a宇田敏彦,$d1934-
=880  \0$6830-08/{dollar}1$a新編日本古典文学全集 ;$v79.
=859  \\$aORR$bJapanKnowledge
=CAT  \\$aW1704-1242$b00$c20170509$lBLL01$h0927
=CAT  \\$aBATCH-UPD$b00$c20170509$lBLL01$h0936
=CAT  \\$aBATCH-UPD$b00$c20170509$lBLL01$h0939
=CAT  \\$aW2003-0365$c20200305$lBLL01$h1101
=CAT  \\$aBATCH-UPD$b00$c20200918$lBLL01$h2045
=FIN  \\$aY$d20170509
=SID  \\$aZ30$bOCLC
=SRC  \\$aJapanKnowledge_2017$bJK_OCLC20170203.mrc
=LAS  \\$aBATCH-UPD$b00$c20200918$lBLL01$h2045

