=LDR  03211 am a2200757 a 4500
=001  018338381
=003  Uk
=005  20170106043142.0
=006  m\\\\\o\\d\\\\\\\\
=007  cr\un|||||||||
=008  120214s1992\\\\ja\ac\\\ob\\\\000\0ajpn\d
=FMT  \\$a  BK
=020  \\$a4582805507$q(v. 2)
=020  \\$a9784582805505$q(v. 2)
=020  \\$z4582805442$q(v. 1)
=020  \\$z9784582805444$q(v. 1)
=035  \\$a(OCoLC)776751951
=040  \\$aCUS$beng$cCUS$dOCLCA$dOCLCQ$dOCLCO$dOCLCQ$dOCLCF$dOCL$dYUS$dOCLCO$dYUS$dOCLCO$dOCL$dOCLCQ$dYUS$dOCLCO$dUk
=041  1\$ajpn$heng
=043  \\$ae-uk---$aa-ja---
=050  \4$aDA565.S334$bA3 1992
=100  1\$aSatow, Ernest Mason,$d1843-1929.
=240  10$aWorks.$kSelections.$lJapanese.$f1992
=245  10$6880-01$aNihon ryokō nikki /$cĀnesuto Satō ; Shōda Motoo yaku.
=250  \\$6880-02$aShohan.
=260  \\$6880-03$aTōkyō :$bHeibonsha,$c1992.
=300  \\$a1 online resource (2 volumes) :$billustrations, portrait.
=336  \\$atext$btxt$2rdacontent
=337  \\$acomputer$bc$2rdamedia
=338  \\$aonline resource$bcr$2rdacarrier
=490  1\$6880-04$aTōyō bunko ;$v544, 550
=500  \\$aTranslation of selected diaries from Satow Papers in possession of The Public Record Office.
=504  \\$aIncludes bibliographical references.
=588  0\$aPrint version record.
=600  10$aSatow, Ernest Mason,$d1843-1929$vDiaries.
=600  17$aSatow, Ernest Mason,$d1843-1929$2fast$0(OCoLC)fst01799714
=648  \7$a1868-1912$2fast
=650  \0$aDiplomats$zGreat Britain$vDiaries.
=650  \7$aDiplomats.$2fast$0(OCoLC)fst00894415
=650  \7$aPolitics and government$2fast$0(OCoLC)fst01919741
=650  \7$aTravel.$2fast$0(OCoLC)fst01155558
=651  \0$aJapan$xDescription and travel.
=651  \0$aJapan$xPolitics and government$y1868-1912.
=651  \7$aGreat Britain.$2fast$0(OCoLC)fst01204623
=651  \7$aJapan.$2fast$0(OCoLC)fst01204082
=655  \7$aDiaries.$2fast$0(OCoLC)fst01423794
=700  1\$6880-05$aShōda, Motoo.
=773  0\$tJapanKnowledge
=776  08$iPrint version:$aSatow, Ernest Mason, Sir, 1843-1929.$sSelections. Japanese. 1992.$tNihon ryokō nikki.$bShohan.$dTōkyō : Heibonsha, 1992$z4582805442
=830  \0$6880-06$aTōyō bunko$v544, 550.
=856  40$3JapanKnowledge Volume 2$uhttp://japanknowledge.com/lib/display/?lid=80010V0550P0002$yJapanKnowledge Lib
=856  40$3JapanKnowledge Volume 1$uhttp://japanknowledge.com/lib/display/?lid=80010V0544P0002$yJapanKnowledge Lib
=880  10$6245-01/{dollar}1$a日本旅行日記 /$cアーネスト・サトウ ; 庄田元男訳.
=880  \\$6250-02/{dollar}1$a初版.
=880  \\$6260-03/{dollar}1$a東京 :$b平凡社,$c1992.
=880  1\$6490-04/{dollar}1$a東洋文庫 ;$v544, 550
=880  1\$6700-05/{dollar}1$a庄田元男.
=880  \0$6830-06/{dollar}1$a東洋文庫 ;$v544, 550.
=859  \\$aORR$bJapanKnowledge
=CAT  \\$aW1704-1242$b00$c20170509$lBLL01$h0927
=CAT  \\$aBATCH-UPD$b00$c20170509$lBLL01$h0936
=CAT  \\$aW2003-0365$c20200305$lBLL01$h1101
=FIN  \\$aY$d20170509
=SID  \\$aZ30$bOCLC
=SRC  \\$aJapanKnowledge_2017$bJK_OCLC20170203.mrc
=LAS  \\$aW2003-0365$b00$c20200305$lBLL01$h1101

