=LDR  01898 am a22005294i 4500
=001  018338382
=003  Uk
=005  20170106043142.0
=006  m\\\\\o\\d\\\\\\\\
=007  cr\|||||||||||
=008  151113s1998\\\\ja\\\\\\o\\\\\000\0\jpn\d
=FMT  \\$a  BK
=020  \\$z4560058008
=020  \\$z9784560058008
=035  \\$a(OCoLC)929030596
=040  \\$aYUS$beng$cYUS$dOCLCO$dYUS$dOCLCO$dUk$erda$epn
=041  1\$ajpn$hfre
=245  00$6880-01$aDante /$cMarīna Marietti cho ; Fujitani Michio yaku.
=264  \1$6880-02$aTōkyō :$bHakusuisha,$c1998.
=300  \\$a1 online resource.
=336  \\$atext$btxt$2rdacontent
=337  \\$acomputer$bc$2rdamedia
=338  \\$aonline resource$bcr$2rdacarrier
=490  1\$6880-03$aBunko kuseju ;$v800
=588  \\$aDescription based on print version.
=600  00$aDante Alighieri,$d1265-1321.
=600  07$aDante Alighieri,$d1265-1321$2fast$0(OCoLC)fst00029097
=700  1\$6880-04$aFujitani, Michio,$d1958-
=700  1\$aMarietti, Marina.
=730  0\$aDante.
=773  0\$tJapanKnowledge
=776  08$iPrint version:$tDante.
=830  \0$6880-05$aBunko kuseju$v800.
=856  40$3JapanKnowledge$uhttp://japanknowledge.com/lib/display/?lid=8021008000000$yJapanKnowledge Lib
=880  00$6245-01/{dollar}1$aダンテ /$cマリーナ・マリエッティ著 ; 藤谷道夫訳.
=880  \1$6264-02/{dollar}1$a東京 :$b白水社,$c1998.
=880  1\$6490-03/{dollar}1$a文庫クセジュ ;$v800
=880  1\$6700-04/{dollar}1$a藤谷道夫,$d1958-
=880  \0$6830-05/{dollar}1$a文庫クセジュ ;$v800.
=859  \\$aORR$bJapanKnowledge
=CAT  \\$aW1704-1242$b00$c20170509$lBLL01$h0927
=CAT  \\$aBATCH-UPD$b00$c20170509$lBLL01$h0936
=CAT  \\$aW2003-0365$c20200305$lBLL01$h1101
=FIN  \\$aY$d20170509
=SID  \\$aZ30$bOCLC
=SRC  \\$aJapanKnowledge_2017$bJK_OCLC20170203.mrc
=LAS  \\$aW2003-0365$b00$c20200305$lBLL01$h1101

