=LDR  03468 am a22007457a 4500
=001  018338383
=003  Uk
=005  20170106043142.0
=006  m\\\\\o\\d\\\\\\\\
=007  cr\|||||||||||
=008  100630s1965\\\\ja\\\\\\o\\\\\000\0\jpn\d
=FMT  \\$a  BK
=035  \\$a(OCoLC)645387954
=040  \\$aOCLCE$beng$cOCLCE$dCUS$dOCLCQ$dOCLCA$dOCLCQ$dOCLCO$dOCLCF$dYUS$dOCLCO$dYUS$dOCLCO$dOCLCQ$dYUS$dOCLCO$dUk$epn
=041  1\$ajpn$hchi
=042  \\$adlr
=050  \4$aPL2666.L55$bY85 1965
=084  \\$a923.4$2njb/9
=100  1\$6880-01$aLiu, Yiqing,$d403-444
=240  10$6880-02$aYou ming lu.$lJapanese
=245  10$6880-03$aYūmeiroku /$cRyū Gikei saku. Yūsenkutsu hoka / Chō Saku saku ; Maeno Naoaki, Onoe Kanehide [and others] yaku.
=250  \\$6880-04$aShohan.
=260  \\$6880-05$aTōkyō :$bHeibonsha,$c1965.
=300  \\$a1 online resource (10, 6, 261 pages).
=336  \\$atext$btxt$2rdacontent
=337  \\$acomputer$bc$2rdamedia
=338  \\$aonline resource$bcr$2rdacarrier
=490  1\$6880-06$aTōyō bunko ;$v43
=505  0\$6880-07$aYūmeiroku -- Retsuiden -- Hakubutsushi -- Shinsenden -- Shikai -- Sōshin kōki -- Ion -- Toki -- Saikaiki -- Meishōki -- Jutsuiki -- Zoku saikaiki -- Shōsetsu -- Rokuiden -- Seiiki -- Yūsenkutsu.
=588  0\$aPrint version record.
=650  \0$aChinese fiction.
=650  \7$aChinese fiction.$2fast$0(OCoLC)fst00857362
=650  07$6880-08$aShōsetsu(Chūgoku)-Shōsetsushū.$2jlabsh/4
=700  1\$6880-09$aMaeno, Naoaki,$d1920-1998
=700  1\$6880-10$aOnoe, Kanehide,$d1927-2017
=700  12$6880-11.$aZhang, Zhuo,$dapproximately 660-approximately 740$tYou xian ku.$lJapanese.
=740  02$6880-12$aYūsenkutsu.
=773  0\$tJapanKnowledge
=776  08$iPrint version:$aLiu, Yiqing, 403-444.$sYou ming lu. Japanese.$tYūmeiroku.$bShohan.$dTōkyō : Heibonsha, 1965
=830  \0$6880-13$aTōyō bunko$v43.
=856  40$3JapanKnowledge$uhttp://japanknowledge.com/lib/display/?lid=80010V0043P0002$yJapanKnowledge Lib
=880  1\$6100-01/{dollar}1$a劉義慶,$d403-444.
=880  10$6240-02/{dollar}1$a幽明錄.$lJapanese
=880  10$6245-03/{dollar}1$a幽明錄 /$c劉義慶作. 遊仙窟他 / 張鷟作 ; 前野直彬, 尾上兼英 [and others]訳.
=880  \\$6250-04/{dollar}1$a初版.
=880  \\$6260-05/{dollar}1$a東京 :$b平凡社,$c1965.
=880  1\$6490-06/{dollar}1$a東洋文庫 ;$v43
=880  0\$6505-07/{dollar}1$a幽明錄 -- 列異伝 -- 博物志 -- 神仙伝 -- 志怪 -- 捜神後記 -- 異苑 -- 妬記 -- 斉諧記 -- 冥祥記 -- 述異記 -- 続斉諧記 -- 小說 -- 錄異伝 -- 旌異記 -- 遊仙窟.
=880  07$6650-08/{dollar}1$a小說(中国)-小說集.$2jlabsh/4
=880  1\$6700-09/{dollar}1$a前野直彬,$d1920-1998.
=880  1\$6700-10/{dollar}1$a尾上兼英,$d1927-
=880  12$6700-11/{dollar}1$a張鷟,$dapproximately 660-approximately 740.$t遊仙窟.$lJapanese.
=880  02$6740-12/{dollar}1$a遊仙窟.
=880  \0$6830-13/{dollar}1$a東洋文庫 ;$v43.
=859  \\$aORR$bJapanKnowledge
=CAT  \\$aW1704-1242$b00$c20170509$lBLL01$h0927
=CAT  \\$aBATCH-UPD$b00$c20170509$lBLL01$h0936
=CAT  \\$aBATCH-UPD$b00$c20170509$lBLL01$h0940
=CAT  \\$a5100$b40$c20171107$lBLL01$h1124
=CAT  \\$aBATCH-UPD$b40$c20171107$lBLL01$h1125
=CAT  \\$aW2003-0365$c20200305$lBLL01$h1101
=FIN  \\$aY$d20170509
=SID  \\$aZ30$bOCLC
=SRC  \\$aJapanKnowledge_2017$bJK_OCLC20170203.mrc
=LAS  \\$aW2003-0365$b00$c20200305$lBLL01$h1101

