=LDR  02791 am a22006734i 4500
=001  018338384
=003  Uk
=005  20170106043143.0
=006  m\\\\\o\\d\\\\\\\\
=007  cr\|||||||||||
=008  151112s2000\\\\ja\a\\\\ob\\\\000\1\jpn\d
=FMT  \\$a  BK
=020  \\$z4096580805
=020  \\$z9784096580806
=035  \\$a(OCoLC)928949902
=040  \\$aYUS$beng$cYUS$dOCLCO$dYUS$dOCL$dYUS$dOCLCO$dUk$erda$epn
=050  \4$aPL775$b.S53 2000
=245  00$6880-01$aSharebon, Kokkeibon, Ninjōbon /$ckōchū Nakano Mitsutoshi, Jinbō Kazuya, Maeda Ai.
=264  \1$6880-02$aTōkyō :$bShōgakkan,$c2000.
=300  \\$a1 online resource.
=336  \\$atext$btxt$2rdacontent
=337  \\$acomputer$bc$2rdamedia
=338  \\$aonline resource$bcr$2rdacarrier
=490  1\$6880-03$aShinpen Nihon koten bungaku zenshū ;$v80
=504  \\$aIncludes bibliographical references.
=588  \\$aDescription based on print version.
=648  \7$a1600-1868$2fast
=650  \0$aJapanese fiction$yEdo period, 1600-1868.
=650  \7$aJapanese fiction$xEdo period.$2fast$0(OCoLC)fst01710981
=700  1\$6880-04$aNakano, Mitsutoshi,$d1935-
=700  1\$6880-05$aJinbō, Kazuya,$d1923-2009
=700  1\$6880-06$aMaeda, Ai,$d1932-1987
=730  02$6880-07$aKokkeibon.
=730  02$6880-08$aNinjōbon.
=773  0\$tJapanKnowledge
=776  08$iPrint version:$tSharebon, Kokkeibon, Ninjōbon
=830  \0$6880-09$aShinpen Nihon koten bungaku zenshū$v80.
=856  40$3JapanKnowledge Volume 3$uhttp://japanknowledge.com/lib/display/?lid=80110V00800365$yJapanKnowledge Lib
=856  40$3JapanKnowledge Volume 1$uhttp://japanknowledge.com/lib/display/?lid=80110V00800009$yJapanKnowledge Lib
=856  40$3JapanKnowledge Volume 2$uhttp://japanknowledge.com/lib/display/?lid=80110V00800185$yJapanKnowledge Lib
=880  00$6245-01/{dollar}1$a洒落本·滑稽本·人情本 /$c校注中野三敏, 神保五彌, 前田愛.
=880  \1$6264-02/{dollar}1$a東京 :$b小学館,$c2000.
=880  1\$6490-03/{dollar}1$a新編日本古典文学全集 ;$v80
=880  1\$6700-04/{dollar}1$a中野三敏,$d1935-
=880  1\$6700-05/{dollar}1$a神保五彌,$d1923-
=880  1\$6700-06/{dollar}1$a前田愛,$d1932-
=880  02$6730-07/{dollar}1$a滑稽本.
=880  02$6730-08/{dollar}1$a人情本.
=880  \0$6830-09/{dollar}1$a新編日本古典文学全集 ;$v80.
=859  \\$aORR$bJapanKnowledge
=CAT  \\$aW1704-1242$b00$c20170509$lBLL01$h0927
=CAT  \\$aBATCH-UPD$b00$c20170509$lBLL01$h0936
=CAT  \\$aBATCH-UPD$b00$c20170509$lBLL01$h0940
=CAT  \\$aW2003-0365$c20200305$lBLL01$h1101
=CAT  \\$aBATCH-UPD$b00$c20200918$lBLL01$h2045
=FIN  \\$aY$d20170509
=SID  \\$aZ30$bOCLC
=SRC  \\$aJapanKnowledge_2017$bJK_OCLC20170203.mrc
=LAS  \\$aBATCH-UPD$b00$c20200918$lBLL01$h2045

