=LDR  02473 am a22006374i 4500
=001  018338385
=003  Uk
=005  20170106043143.0
=006  m\\\\\o\\d\\\\\\\\
=007  cr\|||||||||||
=008  151112s1997\\\\ja\ab\\\ob\\\\001\0\jpn\d
=FMT  \\$a  BK
=020  \\$z4096580015
=020  \\$z9784096580011
=035  \\$a(OCoLC)928950341
=040  \\$aYUS$beng$cYUS$dOCLCO$dYUS$dOCLCO$dYUS$dOCLCO$dUk$erda$epn
=043  \\$aa-ja---
=050  \4$aDS855$b.K62 1997
=245  00$6880-01$aKojiki /$ckōchū, yaku Yamaguchi Yoshinori, Kōnoshi Takamitsu.
=264  \1$6880-03$aTōkyō :$bShōgakkan,$c1997.
=300  \\$a1 online resource.
=336  \\$atext$btxt$2rdacontent
=337  \\$acomputer$bc$2rdamedia
=338  \\$aonline resource$bcr$2rdacarrier
=490  1\$6880-04$aShinpen Nihon koten bungaku zenshū ;$v1
=500  \\$aNCC-funded titles; to be lent locally and nationally according to normal ILL procedures.$5TJC
=504  \\$aIncludes bibliographical references and index.
=588  \\$aDescription based on print version.
=648  \7$aTo 645$2fast
=650  \0$aMythology, Japanese.
=650  \7$aMythology, Japanese.$2fast$0(OCoLC)fst01031838
=651  \0$aJapan$xHistory$yTo 645.
=651  \7$aJapan.$2fast$0(OCoLC)fst01204082
=655  \7$aHistory.$2fast$0(OCoLC)fst01411628
=700  1\$6880-05$aYamaguchi, Yoshinori,$d1940-
=700  1\$6880-06$aKōnoshi, Takamitsu,$d1946-
=773  0\$tJapanKnowledge
=776  08$iPrint version:$tKojiki
=830  \0$6880-07$aShinpen Nihon koten bungaku zenshū$v1.
=856  40$3JapanKnowledge$uhttp://japanknowledge.com/lib/display/?lid=80110V00010015$yJapanKnowledge Lib
=880  00$6245-01$a古事記 /$c校注・訳山口佳紀, 神野志隆光.
=880  \1$6264-03$a東京 :$b小学館,$c1997.
=880  1\$6490-04$a新編日本古典文学全集 ;$v1
=880  1\$6700-05$a山口佳紀,$d1940-
=880  1\$6700-06$a神野志隆光,$d1946-
=880  \0$6830-07$a新編日本古典文学全集 ;$v1.
=859  \\$aORR$bJapanKnowledge
=CAT  \\$aW1704-1242$b00$c20170509$lBLL01$h0927
=CAT  \\$aBATCH-UPD$b00$c20170509$lBLL01$h0936
=CAT  \\$aBATCH-UPD$b00$c20170509$lBLL01$h0940
=CAT  \\$aW2003-0365$c20200305$lBLL01$h1101
=CAT  \\$aBATCH-UPD$b00$c20200918$lBLL01$h2045
=FIN  \\$aY$d20170509
=SID  \\$aZ30$bOCLC
=SRC  \\$aJapanKnowledge_2017$bJK_OCLC20170203.mrc
=LAS  \\$aBATCH-UPD$b00$c20200918$lBLL01$h2045

