=LDR  02978 am a22007457a 4500
=001  018338386
=003  Uk
=005  20170106043143.0
=006  m\\\\\o\\d\\\\\\\\
=007  cr\|||||||||||
=008  111002s1994\\\\ja\ab\\\ob\\\\000\0\jpn\d
=FMT  \\$a  BK
=020  \\$z4582805779
=020  \\$z9784582805772
=035  \\$a(OCoLC)755292218
=040  \\$aOCLCE$beng$cOCLCE$dCUS$dOCLCQ$dYUS$dOCLCO$dYUS$dOCLCO$dOCLCQ$dYUS$dOCLCO$dUk$epn
=041  1\$ajpn$hchi
=043  \\$aa-cc-ss$aa-cc-ho
=050  \4$aDS796.S55$bH7813 1994
=084  \\$a222.048$2njb
=100  1\$6880-01$aXu, Song,$d1781-1848
=240  10$aTang liang jing cheng fang gao.$lJapanese
=245  10$6880-02$aTō ryōkei jōbō kō :$bChōan to Rakuyō /$cJo Shō sen ; Otagi Hajime yokuchū.
=250  \\$6880-03$aShohan.
=260  \\$6880-04$aTōkyō :$bHeibonsha,$c1994.
=300  \\$a1 online resource (319 pages) :$billustrations, maps.
=336  \\$atext$btxt$2rdacontent
=337  \\$acomputer$bc$2rdamedia
=338  \\$aonline resource$bcr$2rdacarrier
=490  1\$6880-05$aTōyō bunko ;$v577
=504  \\$aIncludes bibliographical references (pages 309-319).
=588  0\$aPrint version record.
=651  \0$aChina$xCapital and capitol.
=651  \0$aLuoyang (Henan Sheng, China)$xHistorical geography.
=651  \0$aXi'an (Shaanxi Sheng, China)$xHistorical geography.
=653  \\$6880-06$aChōan.
=653  \\$6880-07$aRakuyō.
=653  \\$6880-08$aChūgoku$aRekishi$aTō jidai.
=700  1\$6880-09$aOtagi, Hajime,$d1943-
=773  0\$tJapanKnowledge
=776  08$iPrint version:$aXu, Song, 1781-1848.$sTang liang jing cheng fang gao. Japanese.$tTō ryōkei jōbō kō.$bShohan.$dTōkyō : Heibonsha, 1994$z4582805779
=830  \0$6880-10$aTōyō bunko$v577.
=856  40$3JapanKnowledge$uhttp://japanknowledge.com/lib/display/?lid=80010V0577P0002$yJapanKnowledge Lib
=880  1\$6100-01/{dollar}1$a徐松,$d1781-1848.
=880  10$6240-00/{dollar}1$a唐両京城坊攷.$lJapanese
=880  10$6245-02/{dollar}1$a唐両京城坊攷 :$b長安と洛陽 /$c徐松撰 ; 愛宕元訳注.
=880  \\$6250-03/{dollar}1$a初版.
=880  \\$6260-04/{dollar}1$a東京 :$b平凡社,$c1994.
=880  1\$6490-05/{dollar}1$a東洋文庫 ;$v577
=880  \\$6500-00/{dollar}1$a折込図4枚.
=880  \4$6651-00/{dollar}1$a洛阳市 (China)$xHistorical geography.
=880  \\$6653-06/{dollar}1$a長安.
=880  \\$6653-07/{dollar}1$a洛陽.
=880  \\$6653-08/{dollar}1$a中国$a歴史$a唐時代.
=880  1\$6700-09/{dollar}1$a愛宕元,$d1943-
=880  \0$6830-10/{dollar}1$a東洋文庫 ;$v577.
=859  \\$aORR$bJapanKnowledge
=CAT  \\$aW1704-1242$b00$c20170509$lBLL01$h0927
=CAT  \\$aBATCH-UPD$b00$c20170509$lBLL01$h0936
=CAT  \\$aBATCH-UPD$b00$c20200216$lBLL01$h2052
=CAT  \\$aW2003-0365$c20200305$lBLL01$h1101
=FIN  \\$aY$d20170509
=SID  \\$aZ30$bOCLC
=SRC  \\$aJapanKnowledge_2017$bJK_OCLC20170203.mrc
=LAS  \\$aW2003-0365$b00$c20200305$lBLL01$h1101

