=LDR  02298 am a22005537a 4500
=001  018338387
=003  Uk
=005  20170106043144.0
=006  m\\\\\o\\d\\\\\\\\
=007  cr\|||||||||||
=008  100629s1977\\\\ja\af\\\ob\\\\000\0\jpn\d
=FMT  \\$a  BK
=019  \\$a301063815
=035  \\$a(OCoLC)644848784$z(OCoLC)301063815
=040  \\$aOCLCE$beng$cOCLCE$dOCLCA$dCUS$dOCLCQ$dOCLCA$dOCLCO$dOCLCQ$dOCLCA$dYUS$dOCLCO$dYUS$dOCLCO$dOCLCQ$dYUS$dOCLCO$dUk$epn
=041  1\$ajpn$hper
=042  \\$adlr
=050  \4$aAC145$b.T75 v.310
=100  0\$aNiẓāmī Ganjavī,$d1140 or 1141-1202 or 1203.
=240  10$aKhusraw va Shīrīn.$lJapanese
=245  10$6880-01$aHosurō to Shīrīn /$cNizāmī [cho] ; Okada Emiko yaku.
=250  \\$6880-02$aShohan.
=260  \\$6880-03$aTōkyō :$bHeibonsha,$cShōwa 52 [1977]
=300  \\$a1 online resource (x, 373 pages, [1] leaf of plates) :$billustrations.
=336  \\$atext$btxt$2rdacontent
=337  \\$acomputer$bc$2rdamedia
=338  \\$aonline resource$bcr$2rdacarrier
=490  1\$6880-04$aTōyō bunko ;$v310
=504  \\$aIncludes bibliographical references (pages 372-373).
=588  0\$aPrint version record.
=700  1\$6880-05$aOkada, Emiko,$d1932-
=773  0\$tJapanKnowledge
=776  08$iPrint version:$aNiẓāmī Ganjavī, 1140 or 41-1202 or 3.$sKhusraw va Shīrīn. Japanese.$tHosurō to Shīrīn.$dTōkyō : Heibonsha, Shōwa 52 [1977]
=830  \0$6880-06$aTōyō bunko$v310.
=856  40$3JapanKnowledge$uhttp://japanknowledge.com/lib/display/?lid=80010V0310P0003$yJapanKnowledge Lib
=880  10$6245-01/{dollar}1$aホスローとシーリーン /$cニザーミー[著] ; 岡田恵美子訳.
=880  \\$6250-02/{dollar}1$a初版.
=880  \\$6260-03/{dollar}1$a東京 :$b平凡社,$c昭和52 [1977]
=880  1\$6490-04/{dollar}1$a東洋文庫 ;$v310
=880  1\$6700-05/{dollar}1$a岡田恵美子,$d1932-
=880  \0$6830-06/{dollar}1$a東洋文庫 ;$v310.
=859  \\$aORR$bJapanKnowledge
=CAT  \\$aW1704-1242$b00$c20170509$lBLL01$h0927
=CAT  \\$aBATCH-UPD$b00$c20170509$lBLL01$h0936
=CAT  \\$aW2003-0365$c20200305$lBLL01$h1101
=FIN  \\$aY$d20170509
=SID  \\$aZ30$bOCLC
=SRC  \\$aJapanKnowledge_2017$bJK_OCLC20170203.mrc
=LAS  \\$aW2003-0365$b00$c20200305$lBLL01$h1101

