=LDR  02394 am a22005777a 4500
=001  018338388
=003  Uk
=005  20170106043144.0
=006  m\\\\\o\\d\\\\\\\\
=007  cr\unu---uuaua
=008  090130r19931957ja\\\\\\ob\\\\000\0\jpn\d
=FMT  \\$a  BK
=035  \\$a(OCoLC)300593363
=040  \\$aOCLCE$beng$cOCLCE$dOCL$dCUS$dOCLCQ$dOCLCO$dOCLCA$dYUS$dOCLCO$dYUS$dOCLCO$dOCLCQ$dYUS$dOCLCO$dUk$epn
=043  \\$aa-ja---
=050  \4$aBR117$b.K57 1993
=245  00$6880-01$aKirishitan bungakushū /$cShinmura Izuru, Hiragi Gen'ichi kōchū.
=250  \\$6880-02$aShohan.
=260  \\$6880-03$aTōkyō :$bHeibonsha,$c1993.
=300  \\$a1 online resource (2 volumes).
=336  \\$atext$btxt$2rdacontent
=337  \\$acomputer$bc$2rdamedia
=338  \\$aonline resource$bcr$2rdacarrier
=490  1\$6880-04$aTōyō bunko ;$v567, 570
=504  \\$aIncludes bibliographical references.
=588  0\$aPrint version record.
=650  \0$aChristian literature$xTranlations into Japanese.
=650  \0$aChristian literature, Japanese$xHistory and criticism.
=700  1\$6880-05$aShinmura, Izuru,$d1876-1967
=700  1\$6880-06$aHiragi, Gen'ichi,$d1909-1981
=773  0\$tJapanKnowledge
=776  08$iPrint version:$tKirishitan bungakushū.$bShohan.$dTōkyō : Heibonsha, 1993$z4582805671$z9784582805673
=830  \0$6880-07$aTōyō bunko$v567, 570.
=856  40$3JapanKnowledge Volume 1$uhttp://japanknowledge.com/lib/display/?lid=80010V0567P0002$yJapanKnowledge Lib
=856  40$3JapanKnowledge Volume 2$uhttp://japanknowledge.com/lib/display/?lid=80010V0570P0002$yJapanKnowledge Lib
=880  00$6245-01/{dollar}1$a吉利支丹文学集 /$c新村出, 柊源一校註.
=880  \\$6250-02/{dollar}1$a初版.
=880  \\$6260-03/{dollar}1$a東京 :$b平凡社,$c1993.
=880  1\$6490-04/{dollar}1$a東洋文庫 ;$v567, 570
=880  1\$6700-05/{dollar}1$a新村出,$d1876-1967.
=880  1\$6700-06/{dollar}1$a柊源一,$d1909-1981.
=880  \0$6830-07/{dollar}1$a東洋文庫 ;$v567, 570.
=859  \\$aORR$bJapanKnowledge
=CAT  \\$aW1704-1242$b00$c20170509$lBLL01$h0927
=CAT  \\$aBATCH-UPD$b00$c20170509$lBLL01$h0936
=CAT  \\$aBATCH-UPD$b00$c20170509$lBLL01$h0940
=CAT  \\$aW2003-0365$c20200305$lBLL01$h1101
=FIN  \\$aY$d20170509
=SID  \\$aZ30$bOCLC
=SRC  \\$aJapanKnowledge_2017$bJK_OCLC20170203.mrc
=LAS  \\$aW2003-0365$b00$c20200305$lBLL01$h1101

