=LDR  03771 am a22008657a 4500
=001  018338389
=003  Uk
=005  20170106043144.0
=006  m\\\\\o\\d\\\\\\\\
=007  cr\|||||||||||
=008  111007s2001\\\\ja\b\\\\o\\\\\000\0ajpn\d
=FMT  \\$a  BK
=020  \\$z4582806961
=020  \\$z9784582806960
=035  \\$a(OCoLC)756233965
=040  \\$aOCLCE$beng$cOCLCE$dCUS$dOCLCQ$dOCLCO$dOCLCQ$dOCLCO$dOCLCQ$dOCLCF$dOCLCO$dYUS$dOCLCO$dYUS$dOCLCO$dEYM$dOCLCO$dOCLCQ$dYUS$dOCLCO$dUk$epn
=042  \\$adlr
=043  \\$aa-cc---
=050  \4$aPL2687.F3$bW82 2001
=084  \\$a925.5$2njb/9
=100  1\$6880-01$aFan, Chengda,$d1126-1193
=240  10$6880-02$aWu chuan lu.$lJapanese
=245  10$6880-03$aGosenroku ;$bRanpiroku ; Sanranroku /$cHan Seidai ; Ogawa Tamaki yaku ; Yamamoto Kazuyoshi, Nishioka Atsushi kaisetsu.
=246  3\$6880-04$aGosenroku ; Ranpiroku ; Sanranroku
=250  \\$6880-05$aShohan.
=260  \\$6880-06$aTōkyō :$bHeibonsha,$c2001.
=300  \\$a1 online resource (259 pages) :$bmaps.
=336  \\$atext$btxt$2rdacontent
=337  \\$acomputer$bc$2rdamedia
=338  \\$aonline resource$bcr$2rdacarrier
=490  1\$6880-07$aTōyō bunko ;$v696
=588  0\$aPrint version record.
=600  10$6880-08$aFan, Chengda,$d1126-1193$xTravel$zChina$zYangtze River.
=600  17$aFan, Chengda,$d1126-1193$2fast$0(OCoLC)fst00077388
=650  \0$aAuthors, Chinese$vBiography.
=650  \7$aAuthors, Chinese.$2fast$0(OCoLC)fst00821889
=650  \7$aTravel.$2fast$0(OCoLC)fst01155558
=651  \0$6880-09$aYangtze River (China)$xDescription and travel.
=651  \7$aChina$zYangtze River.$2fast$0(OCoLC)fst01243802
=655  \7$aBiography.$2fast$0(OCoLC)fst01423686
=700  1\$6880-10$aOgawa, Tamaki,$d1910-1993
=700  1\$6880-11$aYamamoto, Kazuyoshi,$d1936-
=700  1\$6880-12$aNishioka, Atsushi.
=700  12$6880-13.$aFan, Chengda,$d1126-1193$tLan pei lu.$lJapanese.
=700  12$6880-14.$aFan, Chengda,$d1126-1193$tCan luan lu.$lJapanese.
=773  0\$tJapanKnowledge
=776  08$iPrint version:$aFan, Chengda, 1126-1193.$sWu chuan lu. Japanese.$tGosenroku.$bShohan.$dTōkyō : Heibonsha, 2001$z4582806961
=830  \0$6880-15$aTōyō bunko$v696.
=856  40$3JapanKnowledge$uhttp://japanknowledge.com/lib/display/?lid=80010V0696P0002$yJapanKnowledge Lib
=880  1\$6100-01/{dollar}1$a范成大,$d1126-1193.
=880  10$6240-02/{dollar}1$a吳船錄.$lJapanese
=880  10$6245-03/{dollar}1$a呉船錄 ;$b攬轡錄 ; 驂鸞錄 /$c范成大 ; 小川環樹訳 ; 山本和義, 西岡淳解說.
=880  3\$6246-04/{dollar}1$a呉船錄 ; 攬轡錄 ; 驂鸞錄
=880  \\$6250-05/{dollar}1$a初版.
=880  \\$6260-06/{dollar}1$a東京 :$b平凡社,$c2001.
=880  1\$6490-07/{dollar}1$a東洋文庫 ;$v696
=880  \\$6500-00/{dollar}1$a范成大略年譜河野みどり西岡淳編:p255-259.
=880  \\$6504-00/{dollar}1$a范成大略年譜: pages 255-259.
=880  14$6600-08/{dollar}1$a范成大,$d1126-1193$xJourneys$zChina$zYangtze River.
=880  \4$6651-09/{dollar}1$a中国$x紀行.
=880  1\$6700-10/{dollar}1$a小川環樹,$d1910-1993.
=880  1\$6700-11/{dollar}1$a山本和義,$d1936-
=880  1\$6700-12/{dollar}1$a西岡淳.
=880  12$6700-13/{dollar}1$a范成大,$d1126-1193.$t攬轡錄.$lJapanese.
=880  12$6700-14/{dollar}1$a范成大,$d1126-1193.$t驂鸞錄.$lJapanese.
=880  \0$6830-15/{dollar}1$a東洋文庫 ;$v696.
=859  \\$aORR$bJapanKnowledge
=CAT  \\$aW1704-1242$b00$c20170509$lBLL01$h0927
=CAT  \\$aBATCH-UPD$b00$c20170509$lBLL01$h0936
=CAT  \\$aW2003-0365$c20200305$lBLL01$h1101
=CAT  \\$aBATCH-UPD$b00$c20200305$lBLL01$h1102
=FIN  \\$aY$d20170509
=SID  \\$aZ30$bOCLC
=SRC  \\$aJapanKnowledge_2017$bJK_OCLC20170203.mrc
=LAS  \\$aBATCH-UPD$b00$c20200305$lBLL01$h1102

