=LDR  02467 am a22006374i 4500
=001  018338390
=003  Uk
=005  20170106043145.0
=006  m\\\\\o\\d\\\\\\\\
=007  cr\|||||||||||
=008  160115s2004\\\\ja\\\\\\o\\\\\000\0\jpn\d
=FMT  \\$a  BK
=020  \\$z4560058784
=020  \\$z9784560058787
=035  \\$a(OCoLC)934798923
=040  \\$aWTU$beng$cYUS$dOCLCO$dYUS$dOCLCO$dOCLCF$dUk$erda$epn
=041  1\$ajpn$hfre
=100  1\$aHautefeuille, Michel,$eauthor.
=240  10$aDrogues de synthèse.$lJapanese
=245  10$6880-01$aGōsei doraggu /$cMisheru Ōtofuiyu, Dan Verea cho ; Okuda Jun, Okuda Rikuko yaku.
=264  \1$6880-02$aTōkyō :$bHakusuisha,$c2004.
=300  \\$a1 online resource.
=336  \\$atext$btxt$2rdacontent
=337  \\$acomputer$bc$2rdamedia
=338  \\$aonline resource$bcr$2rdacarrier
=490  1\$6880-03$aBunko kuseju ;$v878
=588  \\$aDescription based on print version.
=650  \0$aDrugs of abuse.
=650  \0$aDrug addiction.
=650  \0$aDoping in sports.
=650  \7$aDoping in sports.$2fast$0(OCoLC)fst00896938
=650  \7$aDrug addiction.$2fast$0(OCoLC)fst01430217
=650  \7$aDrugs of abuse.$2fast$0(OCoLC)fst00898981
=700  1\$aVéléa, Dan,$eauthor.
=700  1\$6880-04,$aOkuda, Jun,$d1929-$etranslator.
=700  1\$6880-05$aOkuda, Rikuko,$etranslator.
=700  1\$iTranslation of:$aHautefeuille, Michel.$tLes drogues de synthèse.
=773  0\$tJapanKnowledge
=776  08$iPrint version:$tGosei doraggu.
=830  \0$6880-06$aBunko kuseju$v878.
=856  40$3JapanKnowledge$uhttp://japanknowledge.com/lib/display/?lid=8021008780000$yJapanKnowledge Lib
=880  10$6245-01$a合成ドラッグ /$cミシェル・オートフイユ, ダン・ヴェレア著 ; 奥田潤, 奥田陸子訳.
=880  \1$6264-02$a東京 :$b白水社,$c2004.
=880  1\$6490-03$a文庫クセジュ ;$v878
=880  1\$6700-04$a奥田潤,$d1929-$etranslator.
=880  1\$6700-05$a奥田陸子,$etranslator.
=880  \0$6830-06$a文庫クセジュ ;$v878.
=859  \\$aORR$bJapanKnowledge
=CAT  \\$aW1704-1242$b00$c20170509$lBLL01$h0927
=CAT  \\$aBATCH-UPD$b00$c20170509$lBLL01$h0936
=CAT  \\$aBATCH-UPD$b00$c20170509$lBLL01$h0940
=CAT  \\$aW2003-0365$c20200305$lBLL01$h1101
=FIN  \\$aY$d20170509
=SID  \\$aZ30$bOCLC
=SRC  \\$aJapanKnowledge_2017$bJK_OCLC20170203.mrc
=LAS  \\$aW2003-0365$b00$c20200305$lBLL01$h1101

