=LDR  02514 am a22006374i 4500
=001  018338391
=003  Uk
=005  20191010072930.0
=006  m\\\\\o\\d\\\\\\\\
=007  cr\|||||||||||
=008  151113s1984\\\\ja\\\\\\ob\\\\000\0\jpn\d
=FMT  \\$a  BK
=020  \\$z4560056641
=020  \\$z9784560056646
=035  \\$a(OCoLC)929029039
=040  \\$aWTU$beng$cYUS$dOCLCO$dYUS$dOCLCO$dOCLCF$dOCLCO$dUk$erda$epn
=041  1\$ajpn$hfre
=100  1\$aClaval, Paul,$eauthor.
=240  10$aNouvelle géographie.$lJapanese
=245  10$6880-01$aAtarashii chirigaku /$cPōru Kuravaru cho ; Yamamoto Shōzō [hoka] kyōyaku.
=264  \1$6880-02$aTōkyō :$bHakusuisha,$c1984.
=300  \\$a1 online resource.
=336  \\$atext$btxt$2rdacontent
=337  \\$acomputer$bc$2rdamedia
=338  \\$aonline resource$bcr$2rdacarrier
=490  1\$6880-03$aBunko kuseju ;$v664
=504  \\$aIncludes bibliographical references.
=588  \\$aDescription based on print version.
=650  \0$aGeography$xPhilosophy.
=650  \7$aGeography$xPhilosophy.$2fast$0(OCoLC)fst00940505
=700  1\$6880-04,$aYamamoto, Shōzō,$d1928-$etranslator.
=700  1\$aTakahashi, Nobuo,$d1939-2013,$etranslator.
=700  1\$6880-06,$aTezuka, Akira,$d1951-$etranslator.
=700  1\$iTranslation of:$aClaval, Paul.$tLa nouvelle géographie.
=773  0\$tJapanKnowledge
=776  08$iPrint version:$tAtarashii chirigaku
=830  \0$6880-07$aBunko kuseju$v664.
=856  40$3JapanKnowledge$uhttp://japanknowledge.com/lib/display/?lid=8021006640000$yJapanKnowledge Lib
=880  10$6245-01$a新しい地理学 /$cポール・クラヴァル著 ; 山本正三[ほか]共訳.
=880  \1$6264-02$a東京 :$b白水社,$c1984.
=880  1\$6490-03$a文庫クセジュ ;$v664
=880  1\$6700-04$a山本正三,$d1928-2013,$etranslator.
=880  1\$6700-05$a高橋伸夫,$d1939-$etranslator.
=880  1\$6700-06$a手塚章,$d1951-$etranslator.
=880  \0$6830-07$a文庫クセジュ ;$v664.
=859  \\$aORR$bJapanKnowledge
=CAT  \\$aW1704-1242$b00$c20170509$lBLL01$h0927
=CAT  \\$aBATCH-UPD$b00$c20170509$lBLL01$h0936
=CAT  \\$aBATCH-UPD$b00$c20170509$lBLL01$h0940
=CAT  \\$a8874$b40$c20191007$lBLL01$h0836
=CAT  \\$a8874$b40$c20191010$lBLL01$h0729
=CAT  \\$aW2003-0365$c20200305$lBLL01$h1101
=FIN  \\$aY$d20170509
=SID  \\$aZ30$bOCLC
=SRC  \\$aJapanKnowledge_2017$bJK_OCLC20170203.mrc
=LAS  \\$aW2003-0365$b00$c20200305$lBLL01$h1101

