=LDR  02246 am a22005774i 4500
=001  018338392
=003  Uk
=005  20170106043145.0
=006  m\\\\\o\\d\\\\\\\\
=007  cr\|||||||||||
=008  151112s2000\\\\ja\ab\\\ob\\\\001\1\jpn\d
=FMT  \\$a  BK
=020  \\$z4096580627
=020  \\$z9784096580622
=035  \\$a(OCoLC)928950232
=040  \\$aYUS$beng$cYUS$dOCLCO$dYUS$dOCLCO$dYUS$dOCLCO$dUk$erda$epn
=043  \\$aa-ja---
=050  \4$aPL790$b.G5 2000
=245  00$6880-01$aGikeiki /$ckōchū, yaku Kajihara Masaaki.
=264  \1$6880-02$aTōkyō :$bShōgakkan,$c2000.
=300  \\$a1 online resource.
=336  \\$atext$btxt$2rdacontent
=337  \\$acomputer$bc$2rdamedia
=338  \\$aonline resource$bcr$2rdacarrier
=490  1\$6880-03$aShinpen Nihon koten bungaku zenshū ;$v62
=504  \\$6880-04$aIncludes bibliographical references and indexes.
=588  \\$aDescription based on print version.
=600  10$6880-05$aMinamoto, Yoshitsune,$d1159-1189$vFiction.
=600  17$aMinamoto, Yoshitsune,$d1159-1189$2fast$0(OCoLC)fst00072269
=655  \7$aFiction.$2fast$0(OCoLC)fst01423787
=700  1\$6880-06$aKajihara, Masaaki,$d1927-1998
=773  0\$tJapanKnowledge
=776  08$iPrint version:$tGikeiki
=830  \0$6880-07$aShinpen Nihon koten bungaku zenshū$v62.
=856  40$3JapanKnowledge$uhttp://japanknowledge.com/lib/display/?lid=80110V00620015$yJapanKnowledge Lib
=880  00$6245-01/{dollar}1$a義経記 /$c校注·訳梶原正昭.
=880  \1$6264-02/{dollar}1$a東京 :$b小学館,$c2000.
=880  1\$6490-03/{dollar}1$a新編日本古典文学全集 ;$v62
=880  \\$6504-04/{dollar}1$a義経記関係年表: pages 517-525.
=880  14$6600-05/{dollar}1$a源義經,$d1159-1189$vFiction.
=880  1\$6700-06/{dollar}1$a梶原正昭,$d1927-
=880  \0$6830-07/{dollar}1$a新編日本古典文学全集 ;$v62.
=859  \\$aORR$bJapanKnowledge
=CAT  \\$aW1704-1242$b00$c20170509$lBLL01$h0927
=CAT  \\$aBATCH-UPD$b00$c20170509$lBLL01$h0936
=CAT  \\$aW2003-0365$c20200305$lBLL01$h1101
=CAT  \\$aBATCH-UPD$b00$c20200918$lBLL01$h2045
=FIN  \\$aY$d20170509
=SID  \\$aZ30$bOCLC
=SRC  \\$aJapanKnowledge_2017$bJK_OCLC20170203.mrc
=LAS  \\$aBATCH-UPD$b00$c20200918$lBLL01$h2045

