=LDR  02274 am a22006134i 4500
=001  018338393
=003  Uk
=005  20170106043146.0
=006  m\\\\\o\\d\\\\\\\\
=007  cr\|||||||||||
=008  151113s1999\\\\ja\\\\\\o\\\\\001\0\jpn\d
=FMT  \\$a  BK
=020  \\$z4560058148
=020  \\$z9784560058145
=035  \\$a(OCoLC)929031187
=040  \\$aCNEAL$beng$cYUS$dOCLCO$dYUS$dOCLCO$dOCLCF$dUk$erda$epn
=041  1\$ajpn$hfre
=050  \4$aDB906$b.S93165 1999
=100  1\$aSzávai, János,$d1940-$eauthor.
=240  10$aHongrie.$lJapanese
=245  10$6880-01$aHangarī /$cYānoshu Sāvai cho ; Minamizuka Shingo, Akiyama Shingo yaku.
=264  \1$6880-02$aTokyo :$bHakusuisha,$c1999.
=300  \\$a1 online resource.
=336  \\$atext$btxt$2rdacontent
=337  \\$acomputer$bc$2rdamedia
=338  \\$aonline resource$bcr$2rdacarrier
=490  1\$6880-03$aBunko kuseju ;$v814
=500  \\$aTranslation of: La Hongrie.
=588  \\$aDescription based on print version.
=650  \7$aCivilization.$2fast$0(OCoLC)fst00862898
=651  \0$aHungary$xCivilization.
=651  \0$aHungary$xHistory.
=651  \7$aHungary.$2fast$0(OCoLC)fst01205132
=655  \7$aHistory.$2fast$0(OCoLC)fst01411628
=700  1\$6880-04$aMinamizuka, Shingo,$d1942-
=700  1\$6880-05$aAkiyama, Shingo,$d1971-
=773  0\$tJapanKnowledge
=776  08$iPrint version:$tHangari
=830  \0$6880-06$aBunko kuseju$v814.
=856  40$3JapanKnowledge$uhttp://japanknowledge.com/lib/display/?lid=8021008140000$yJapanKnowledge Lib
=880  10$6245-01/{dollar}1$aハンガリー /$cヤーノシュ・サーヴァイ著 ; 南塚信吾, 秋山晋吾訳.
=880  \1$6264-02/{dollar}1$a東京 :$b白水社,$c1999.
=880  1\$6490-03/{dollar}1$a文庫クセジュ ;$v814
=880  1\$6700-04/{dollar}1$a南塚, 信吾,$d(1942- )
=880  1\$6700-05/{dollar}1$a秋山晋吾,$d1971-
=880  \0$6830-06/{dollar}1$a文庫クセジュ ;$v814.
=859  \\$aORR$bJapanKnowledge
=CAT  \\$aW1704-1242$b00$c20170509$lBLL01$h0927
=CAT  \\$aBATCH-UPD$b00$c20170509$lBLL01$h0936
=CAT  \\$aW2003-0365$c20200305$lBLL01$h1101
=FIN  \\$aY$d20170509
=SID  \\$aZ30$bOCLC
=SRC  \\$aJapanKnowledge_2017$bJK_OCLC20170203.mrc
=LAS  \\$aW2003-0365$b00$c20200305$lBLL01$h1101

