=LDR  02711 am a22006377i 4500
=001  018338394
=003  Uk
=005  20170106043146.0
=006  m\\\\\o\\d\\\\\\\\
=007  cr\|||||||||||
=008  111018m19741976ja\b\\\\ob\\\\000\0\jpn\d
=FMT  \\$a  BK
=035  \\$a(OCoLC)757686379
=040  \\$aOCLCE$beng$cOCLCE$dCUS$dOCLCQ$dOCLCF$dOCL$dYUS$dOCLCO$dOCLCQ$dYUS$dOCLCO$dOCLCQ$dYUS$dOCLCO$dUk$epn
=043  \\$aa-cc---$aa-kr---
=050  \4$aDS745$b.H49
=245  00$6880-01$aHigashi Ajia minzokushi :$bseishi Tōi den /$cInoue Hideo [and others] yakuchū.
=250  \\$6880-02$aShohan.
=260  \\$6880-03$aTōkyō :$bHeibonsha,$cShōwa 49-51 [1974-1976]
=300  \\$a1 online resource (2 volumes) :$bmap.
=336  \\$atext$btxt$2rdacontent
=337  \\$acomputer$bc$2rdamedia
=338  \\$aonline resource$bcr$2rdacarrier
=490  1\$6880-04$aTōyō bunko ;$v264, 283
=504  \\$aIncludes bibliographical references (v. 1, pages 359-360; v. 2, p. 471-472).
=588  0\$aPrint version record.
=648  \7$aTo 935$2fast
=650  \7$aHan Dynasty (China)$2fast$0(OCoLC)fst01696746
=650  \7$aQin Dynasty (China)$2fast$0(OCoLC)fst01696772
=651  \0$aChina$xHistory$yHan dynasty, 202 B.C.-220 A.D.
=651  \0$aChina$xHistory$yQin dynasty, 221-207 B.C.
=651  \0$aChina$xHistory$yTo 221 B.C.
=651  \0$aKorea$xHistory$yTo 935.
=651  \7$aChina.$2fast$0(OCoLC)fst01206073
=651  \7$aKorea.$2fast$0(OCoLC)fst01206434
=655  \7$aHistory.$2fast$0(OCoLC)fst01411628
=700  1\$6880-05$aInoue, Hideo,$d1924-
=773  0\$tJapanKnowledge
=776  08$iPrint version:$tHigashi Ajia minzokushi.$dTōkyō : Heibonsha, Shōwa 49-51 [1974-1976]
=830  \0$6880-06$aTōyō bunko$v264, 283.
=856  40$3JapanKnowledge Volume 1$uhttp://japanknowledge.com/lib/display/?lid=80010V0264P0003$yJapanKnowledge Lib
=856  40$3JapanKnowledge Volume 2$uhttp://japanknowledge.com/lib/display/?lid=80010V0283P0003$yJapanKnowledge Lib
=880  00$6245-01/{dollar}1$a東アジア民族史 :$b正史東夷伝 /$c井上秀雄 [and others]訳注.
=880  \\$6250-02/{dollar}1$a初版.
=880  \\$6260-03/{dollar}1$a東京 :$b平凡社,$c昭和49-51 [1974-1976]
=880  1\$6490-04/{dollar}1$a東洋文庫 ;$v264, 283
=880  1\$6700-05/{dollar}1$a井上秀雄,$d1924-
=880  \0$6830-06/{dollar}1$a東洋文庫 ;$v264, 283.
=859  \\$aORR$bJapanKnowledge
=CAT  \\$aW1704-1242$b00$c20170509$lBLL01$h0927
=CAT  \\$aBATCH-UPD$b00$c20170509$lBLL01$h0936
=CAT  \\$aW2003-0365$c20200305$lBLL01$h1101
=FIN  \\$aY$d20170509
=SID  \\$aZ30$bOCLC
=SRC  \\$aJapanKnowledge_2017$bJK_OCLC20170203.mrc
=LAS  \\$aW2003-0365$b00$c20200305$lBLL01$h1101

