=LDR  02141 am a22005654i 4500
=001  018338395
=003  Uk
=005  20170106043146.0
=006  m\\\\\o\\d\\\\\\\\
=007  cr\|||||||||||
=008  151112s1967\\\\ja\b\\\\o\\\\\000\0\jpn\d
=FMT  \\$a  BK
=035  \\$a(OCoLC)928950669
=040  \\$aYUS$beng$cYUS$dOCLCO$dYUS$dOCLCO$dUk$erda$epn
=041  1\$ajpn$hfre
=043  \\$an-us---
=050  \4$aE185.61.F69$bN6
=100  1\$aFohlen, Claude,$eauthor.
=240  10$aNoirs aux États-Unis.$lJapanese
=245  10$6880-01$aAmerika no Kokujin /$cKurōdo Fōran ; Nozawa Kyō, Yamaguchi Toshiaki yaku.
=264  \1$6880-02$aTōkyō :$bHakusuisha,$c1967.
=300  \\$a1 online resource.
=336  \\$atext$btxt$2rdacontent
=337  \\$acomputer$bc$2rdamedia
=338  \\$aonline resource$bcr$2rdacarrier
=490  1\$6880-03$aBunkō kuseju ;$v412
=500  \\$aTranslation of: Les noirs aux États-Unis.
=588  \\$aDescription based on print version.
=650  \0$aAfrican Americans$xHistory.
=650  \7$aAfrican Americans.$2fast$0(OCoLC)fst00799558
=650  \7$aRace relations.$2fast$0(OCoLC)fst01086509
=651  \0$aUnited States$xRace relations.
=651  \7$aUnited States.$2fast$0(OCoLC)fst01204155
=655  \7$aHistory.$2fast$0(OCoLC)fst01411628
=773  0\$tJapanKnowledge
=776  08$iPrint version:$tAmerika no Kokujin
=830  \0$6880-04$aBunko kuseju$v412.
=856  40$3JapanKnowledge$uhttp://japanknowledge.com/lib/display/?lid=8021004120000$yJapanKnowledge Lib
=880  10$6245-01$aアメリカの黒人 /$cクロード・フォーラン ; 野沢協, 山口俊章訳.
=880  \1$6264-02$a東京 :$b白水社,$c1967.
=880  1\$6490-03$a文庫クセジュ ;$v412
=880  \0$6830-04$a文庫クセジュ ;$v412.
=859  \\$aORR$bJapanKnowledge
=CAT  \\$aW1704-1242$b00$c20170509$lBLL01$h0927
=CAT  \\$aBATCH-UPD$b00$c20170509$lBLL01$h0936
=CAT  \\$aW2003-0365$c20200305$lBLL01$h1101
=FIN  \\$aY$d20170509
=SID  \\$aZ30$bOCLC
=SRC  \\$aJapanKnowledge_2017$bJK_OCLC20170203.mrc
=LAS  \\$aW2003-0365$b00$c20200305$lBLL01$h1101

