=LDR  02595 am a22006254i 4500
=001  018338396
=003  Uk
=005  20170106043147.0
=006  m\\\\\o\\d\\\\\\\\
=007  cr\|||||||||||
=008  151113s1969\\\\ja\\\\\\ob\\\\000\0\jpn\d
=FMT  \\$a  BK
=020  \\$z4560054614
=020  \\$z9784560054611
=035  \\$a(OCoLC)929029098
=040  \\$aWTU$beng$cYUS$dOCLCO$dYUS$dOCLCO$dOCLCF$dOCLCA$dUk$erda$epn
=041  1\$ajpn$hfre
=100  1\$aPiaget, Jean,$d1896-1980,$eauthor.
=240  10$aLa psychologie de l'enfant.$lJapanese
=245  10$6880-01$aAtarashii jidō shinrigaku /$cJan Piaje, Beruberu Inerude kyōcho ; Hatano Kanji, Suga Tetsuo, Sugō Hiroshi kyōyaku.
=264  \1$6880-02$aTōkyō :$bHakusuisha,$c1969.
=300  \\$a1 online resource.
=336  \\$atext$btxt$2rdacontent
=337  \\$acomputer$bc$2rdamedia
=338  \\$aonline resource$bcr$2rdacarrier
=490  1\$6880-03$aBunko kuseju ;$v461
=504  \\$aIncludes bibliographical references.
=588  \\$aDescription based on print version.
=650  \0$aChild psychology.
=650  \7$aChild psychology.$2fast$0(OCoLC)fst00854540
=700  1\$6880-04,$aHatano, Kanji,$d1905-2001$etranslator.
=700  1\$6880-05,$aSuga, Tetsuo,$d1940-$etranslator.
=700  1\$6880-06,$aSugō, Hiroshi,$d1907-1980$etranslator.
=700  1\$aInhelder, Bärbel,$eauthor.
=700  1\$iTranslation of:$aPiaget, Jean,$d1896-1980.$tLa psychologie de l'enfant.
=773  0\$tJapanKnowledge
=776  08$iPrint version:$tAtarashii jidō shinrigaku
=830  \0$6880-07$aBunko kuseju$v461.
=856  40$3JapanKnowledge$uhttp://japanknowledge.com/lib/display/?lid=8021004610000$yJapanKnowledge Lib
=880  10$6245-01$a新しい児童心理学 /$cジャン・ピアジェ, ベルベル・イネルデ共著 ; 波多野完治, 須賀哲夫, 周卿博共訳.
=880  \1$6264-02$a東京 :$b白水社,$c1969.
=880  1\$6490-03$a文庫クセジュ ;$v461
=880  1\$6700-04$a波多野完治,$d1905-2001,$etranslator.
=880  1\$6700-05$a須賀哲夫,$d1940-$etranslator.
=880  1\$6700-06$a周卿博,$d1907-$etranslator.
=880  \0$6830-07$a文庫クセジュ ;$v461.
=859  \\$aORR$bJapanKnowledge
=CAT  \\$aW1704-1242$b00$c20170509$lBLL01$h0927
=CAT  \\$aBATCH-UPD$b00$c20170509$lBLL01$h0936
=CAT  \\$aBATCH-UPD$b00$c20170509$lBLL01$h0940
=CAT  \\$aW2003-0365$c20200305$lBLL01$h1101
=FIN  \\$aY$d20170509
=SID  \\$aZ30$bOCLC
=SRC  \\$aJapanKnowledge_2017$bJK_OCLC20170203.mrc
=LAS  \\$aW2003-0365$b00$c20200305$lBLL01$h1101

