=LDR  02340 am a22006257a 4500
=001  018338397
=003  Uk
=005  20170106043147.0
=006  m\\\\\o\\d\\\\\\\\
=007  cr\|||||||||||
=008  111015s1988\\\\ja\\\\\\o\\\\\000\0\jpn\d
=FMT  \\$a  BK
=019  \\$a649941640
=020  \\$z4582804934
=020  \\$z9784582804935
=035  \\$a(OCoLC)757172403$z(OCoLC)649941640
=040  \\$aOCLCE$beng$cOCLCE$dCUS$dOCLCQ$dOCLCO$dOCLCF$dOCLCQ$dYUS$dOCLCO$dYUS$dOCLCO$dOCL$dOCLCQ$dOCLCO$dYUS$dOCLCO$dUk$epn
=042  \\$adlr
=043  \\$aa-cc---
=050  \4$aDS747.37$b.O35 1988
=100  1\$6880-01$aOjima, Sukema,$d1881-1966
=245  10$6880-02$aKodai Chūgoku kenkyū /$cOjima Sukema.
=250  \\$6880-03$aShohan.
=260  \\$6880-04$aTōkyō :$bHeibonsha,$c1988.
=300  \\$a1 online resource (v, 315, 16 pages).
=336  \\$atext$btxt$2rdacontent
=337  \\$acomputer$bc$2rdamedia
=338  \\$aonline resource$bcr$2rdacarrier
=490  1\$6880-05$aTōyō bunko ;$v493
=588  0\$aPrint version record.
=648  \7$a221 B.C.-960 A.D$2fast
=650  \7$aCivilization.$2fast$0(OCoLC)fst00862898
=651  \0$aChina$xCivilization.
=651  \0$aChina$xHistory$y221 B.C.-960 A.D.
=651  \7$aChina.$2fast$0(OCoLC)fst01206073
=655  \7$aHistory.$2fast$0(OCoLC)fst01411628
=773  0\$tJapanKnowledge
=776  08$iPrint version:$aOjima, Sukema, 1881-1966.$tKodai Chūgoku kenkyū.$dTōkyō : Heibonsha, 1988$z4582804934
=830  \0$6880-06$aTōyō bunko$v493.
=856  40$3JapanKnowledge$uhttp://japanknowledge.com/lib/display/?lid=80010V0493P0002$yJapanKnowledge Lib
=880  1\$6100-01/{dollar}1$a小島祐馬,$d1881-1966.
=880  10$6245-02/{dollar}1$a古代中国研究 /$c小島祐馬.
=880  \\$6250-03/{dollar}1$a初版.
=880  \\$6260-04/{dollar}1$a東京 :$b平凡社,$c1988.
=880  1\$6490-05/{dollar}1$a東洋文庫 ;$v493
=880  \0$6830-06/{dollar}1$a東洋文庫 ;$v493.
=859  \\$aORR$bJapanKnowledge
=CAT  \\$aW1704-1242$b00$c20170509$lBLL01$h0927
=CAT  \\$aBATCH-UPD$b00$c20170509$lBLL01$h0936
=CAT  \\$aBATCH-UPD$b00$c20170509$lBLL01$h0940
=CAT  \\$aW2003-0365$c20200305$lBLL01$h1101
=FIN  \\$aY$d20170509
=SID  \\$aZ30$bOCLC
=SRC  \\$aJapanKnowledge_2017$bJK_OCLC20170203.mrc
=LAS  \\$aW2003-0365$b00$c20200305$lBLL01$h1101

