=LDR  02631 am a22006617a 4500
=001  018338398
=003  Uk
=005  20170106043147.0
=006  m\\\\\o\\d\\\\\\\\
=007  cr\|||||||||||
=008  111013s1989\\\\ja\a\\\\ob\\\\000\0\jpn\d
=FMT  \\$a  BK
=019  \\$a648508568
=020  \\$z4582804977
=020  \\$z9784582804973
=035  \\$a(OCoLC)757149578$z(OCoLC)648508568
=040  \\$aOCLCE$beng$cOCLCE$dCUS$dOCLCQ$dOCLCO$dOCLCF$dOCLCQ$dYUS$dOCLCO$dYUS$dOCLCO$dOCLCQ$dYUS$dOCLCO$dUk$epn
=041  1\$ajpn$hchi
=042  \\$adlr
=050  \4$aBL1825$b.W46 1989
=100  1\$6880-01$aWen, Yiduo,$d1899-1946
=240  10$6880-02$aShen hua yu shi.$kSelections.$lJapanese
=245  10$6880-03$aChūgoku shinwa /$cBun Itta ; Nakajima Midori yakuchū.
=250  \\$6880-04$aShohan.
=260  \\$6880-05$aTōkyō :$bHeibonsha,$c1989.
=300  \\$a1 online resource (321 pages) :$billustrations.
=336  \\$atext$btxt$2rdacontent
=337  \\$acomputer$bc$2rdamedia
=338  \\$aonline resource$bcr$2rdacarrier
=490  1\$6880-06$aTōyō bunko ;$v497
=504  \\$aIncludes bibliographical references.
=588  0\$aPrint version record.
=650  \0$aChinese poetry$xHistory and criticism.
=650  \0$aMythology, Chinese.
=650  \7$aChinese poetry.$2fast$0(OCoLC)fst00857672
=650  \7$aMythology, Chinese.$2fast$0(OCoLC)fst01031754
=655  \7$aCriticism, interpretation, etc.$2fast$0(OCoLC)fst01411635
=700  1\$6880-07$aNakajima, Midori,$d1939-
=773  0\$tJapanKnowledge
=776  08$iPrint version:$aWen, Yiduo, 1899-1946.$sShen hua yu shi. Selections. Japanese.$tChūgoku shinwa.$bShohan.$dTōkyō : Heibonsha, 1989$z4582804977
=830  \0$6880-08$aTōyō bunko$v497.
=856  40$3JapanKnowledge$uhttp://japanknowledge.com/lib/display/?lid=80010V0497P0002$yJapanKnowledge Lib
=880  1\$6100-01/{dollar}1$a聞一多,$d1899-1946.
=880  10$6240-02/{dollar}1$a神話與詩.$kSelections.$lJapanese
=880  10$6245-03/{dollar}1$a中国神話 /$c聞一多 ; 中島みどり訳註.
=880  \\$6250-04/{dollar}1$a初版.
=880  \\$6260-05/{dollar}1$a東京 :$b平凡社,$c1989.
=880  1\$6490-06/{dollar}1$a東洋文庫 ;$v497
=880  1\$6700-07/{dollar}1$a中島みどり,$d1939-
=880  \0$6830-08/{dollar}1$a東洋文庫 ;$v497.
=859  \\$aORR$bJapanKnowledge
=CAT  \\$aW1704-1242$b00$c20170509$lBLL01$h0927
=CAT  \\$aBATCH-UPD$b00$c20170509$lBLL01$h0936
=CAT  \\$aW2003-0365$c20200305$lBLL01$h1101
=FIN  \\$aY$d20170509
=SID  \\$aZ30$bOCLC
=SRC  \\$aJapanKnowledge_2017$bJK_OCLC20170203.mrc
=LAS  \\$aW2003-0365$b00$c20200305$lBLL01$h1101

