=LDR  02498 am a22005897  4500
=001  018338399
=003  Uk
=005  20170106043148.0
=006  m\\\\\o\\d\\\\\\\\
=007  cr\|||||||||||
=008  100420s1968\\\\ja\\\\\\ob\\\\000\0\jpn\d
=FMT  \\$a  BK
=019  \\$a301016326
=035  \\$a(OCoLC)608393194$z(OCoLC)301016326
=040  \\$aOCLCE$beng$cOCLCE$dOCLCQ$dCUS$dOCLCQ$dOCLCO$dWAU$dOCLCQ$dOCLCF$dOCLCO$dYUS$dOCLCO$dOCLCA$dYUS$dOCLCO$dOCLCQ$dYUS$dOCLCO$dUk$epn
=042  \\$adlr
=043  \\$aa-ja---
=050  \4$aGT4884.T6$bW3
=100  1\$6880-01$aWakatsuki, Shiran,$d1879-1962
=245  10$6880-02$aTōkyō nenjū gyōji /$cWakatsuki Shiran cho, Asakura Haruhiko kōchū.
=260  \\$6880-03$aTōkyō,$bHeibonsha$cShōwa 43 [1968]
=300  \\$a1 online resource (2 volumes).
=336  \\$atext$btxt$2rdacontent
=337  \\$acomputer$bc$2rdamedia
=338  \\$aonline resource$bcr$2rdacarrier
=490  1\$6880-04$aTōyō bunko ;$v106, 121
=504  \\$aIncludes bibliographical references (v. 2, pages 312-314).
=588  0\$aPrint version record.
=650  \0$aFestivals$zJapan$zTokyo.
=650  \7$aFestivals.$2fast$0(OCoLC)fst00923329
=651  \7$aJapan$zTokyo.$2fast$0(OCoLC)fst01204835
=700  1\$6880-05$aAsakura, Haruhiko,$d1924-2013
=773  0\$tJapanKnowledge
=776  08$iPrint version:$aWakatsuki, Shiran, 1879-1962.$tTōkyō nenjū gyōji.$dTōkyō, Heibonsha Shōwa 43 [1968]
=830  \0$6880-06$aTōyō bunko$v106, 121.
=856  40$3JapanKnowledge Volume 1$uhttp://japanknowledge.com/lib/display/?lid=80010V0106P0002$yJapanKnowledge Lib
=856  40$3JapanKnowledge Volume 2$uhttp://japanknowledge.com/lib/display/?lid=80010V0121P0002$yJapanKnowledge Lib
=880  1\$6100-01/{dollar}1$a若月紫蘭,$d1879-1962.
=880  10$6245-02/{dollar}1$a東京年中行事 /$c若月紫蘭著, 朝倉治彥校注.
=880  \\$6260-03/{dollar}1$a東京,$b平凡社,$c昭和43 [1968]
=880  1\$6490-04/{dollar}1$a東洋文庫 ;$v106, 121
=880  1\$6700-05/{dollar}1$a朝倉治彥,$d1924-
=880  \0$6830-06/{dollar}1$a東洋文庫 ;$v106, 121.
=859  \\$aORR$bJapanKnowledge
=CAT  \\$aW1704-1242$b00$c20170509$lBLL01$h0927
=CAT  \\$aBATCH-UPD$b00$c20170509$lBLL01$h0936
=CAT  \\$aBATCH-UPD$b00$c20170509$lBLL01$h0940
=CAT  \\$aW2003-0365$c20200305$lBLL01$h1101
=FIN  \\$aY$d20170509
=SID  \\$aZ30$bOCLC
=SRC  \\$aJapanKnowledge_2017$bJK_OCLC20170203.mrc
=LAS  \\$aW2003-0365$b00$c20200305$lBLL01$h1101

