=LDR  02663 am a22006377a 4500
=001  018338400
=003  Uk
=005  20170106043148.0
=006  m\\\\\o\\d\\\\\\\\
=007  cr\|||||||||||
=008  100310s1975\\\\ja\a\\\\o\\\\\000\0djpn\d
=FMT  \\$a  BK
=019  \\$a300591045
=035  \\$a(OCoLC)550575936$z(OCoLC)300591045
=040  \\$aOCLCE$beng$cOCLCE$dOCLCQ$dCUS$dOCLCQ$dOCLCO$dOCLCF$dYUS$dOCLCO$dYUS$dOCLCO$dOCLCQ$dYUS$dOCLCO$dUk$epn
=042  \\$adlr
=050  \4$aGV1458.S5$bI88 1975 <Orien Japan>
=100  1\$6880-01$aItō, Sōkan,$d1706-1761
=240  10$6880-02$aShōgi musō
=245  10$6880-03$aTsumu ya tsumazaru ya :$bShōgi musō /$cItō Sōkan. Shōgi zukō / Itō Kanju ; Kadowaki Yoshio kaisetsu.
=250  \\$6880-04$aShohan.
=260  \\$6880-05$aTōkyō :$bHeibonsha,$c1975$g(1981 printing)
=300  \\$a1 online resource (v, 296 pages) :$billustrations.
=336  \\$atext$btxt$2rdacontent
=337  \\$acomputer$bc$2rdamedia
=338  \\$aonline resource$bcr$2rdacarrier
=490  1\$6880-06$aTōyō bunko ;$v282
=588  0\$aPrint version record.
=650  \0$aShogi problems.
=650  \7$aShogi problems.$2fast$0(OCoLC)fst01116797
=700  1\$6880-07$aKadowaki, Yoshio,$d1934-
=700  12$6880-08.$aItō, Kanju,$d1719-1760$tShōgi zukō.
=740  02$6880-09$aShōgi zukō
=773  0\$tJapanKnowledge
=776  08$iPrint version:$aItō, Sōkan, 1706-1761.$sShōgi musō.$tTsumu ya tsumazaru ya.$bShohan.$dTōkyō : Heibonsha, 1975
=830  \0$6880-10$aTōyō bunko$v282.
=856  40$3JapanKnowledge$uhttp://japanknowledge.com/lib/display/?lid=80010V0282P0002$yJapanKnowledge Lib
=880  1\$6100-01/{dollar}1$a伊藤宗看,$d1706-1761.
=880  10$6240-02/{dollar}1$a将棋無双
=880  10$6245-03/{dollar}1$a詰むや詰まざるや :$b将棋無双 /$c伊藤宗看. 将棋図巧 / 伊藤看寿 ; 門脇芳雄解說.
=880  \\$6250-04/{dollar}1$a初版.
=880  \\$6260-05/{dollar}1$a東京 :$b平凡社,$c1975$g(1981 printing)
=880  1\$6490-06/{dollar}1$a東洋文庫 ;$v282
=880  1\$6700-07/{dollar}1$a門脇芳雄,$d1934-
=880  12$6700-08/{dollar}1$a伊藤看寿,$d1719-1760.$t将棋図巧.
=880  02$6740-09/{dollar}1$a将棋図巧.
=880  \0$6830-10/{dollar}1$a東洋文庫 ;$v282.
=859  \\$aORR$bJapanKnowledge
=CAT  \\$aW1704-1242$b00$c20170509$lBLL01$h0927
=CAT  \\$aBATCH-UPD$b00$c20170509$lBLL01$h0936
=CAT  \\$aBATCH-UPD$b00$c20170509$lBLL01$h0940
=CAT  \\$aW2003-0365$c20200305$lBLL01$h1101
=FIN  \\$aY$d20170509
=SID  \\$aZ30$bOCLC
=SRC  \\$aJapanKnowledge_2017$bJK_OCLC20170203.mrc
=LAS  \\$aW2003-0365$b00$c20200305$lBLL01$h1101

