=LDR  02053 am a22005534i 4500
=001  018338401
=003  Uk
=005  20170106043148.0
=006  m\\\\\o\\d\\\\\\\\
=007  cr\|||||||||||
=008  151113s1973\\\\ja\\\\\\ob\\\\000\0\jpn\d
=FMT  \\$a  BK
=020  \\$z4560055416
=020  \\$z9784560055410
=035  \\$a(OCoLC)929030461
=040  \\$aYUS$beng$cYUS$dOCLCO$dYUS$dOCLCO$dOCLCF$dUk$erda$epn
=041  1\$ajpn$hfre
=043  \\$an-us---
=245  00$6880-01$aAmerika Gasshūkoku no chiri /$cPiēru Joruju cho ; Noda Sanae yaku.
=264  \1$6880-02$aTōkyō :$bHakusuisha,$c1973.
=300  \\$a1 online resource.
=336  \\$atext$btxt$2rdacontent
=337  \\$acomputer$bc$2rdamedia
=338  \\$aonline resource$bcr$2rdacarrier
=490  1\$6880-03$aBunko kuseju ;$v541
=504  \\$aIncludes bibliographical references.
=588  \\$aDescription based on print version.
=651  \0$aUnited States$vGeography.
=651  \7$aUnited States.$2fast$0(OCoLC)fst01204155
=700  1\$6880-04$aNoda, Sanae,$d1903-
=700  1\$aGeorge, Pierre,$d1909-2006.
=730  0\$aGéographie des États-Unis.
=773  0\$tJapanKnowledge
=776  08$iPrint version:$tAmerika gasshūkoku no chiri.
=830  \0$6880-05$aBunko kuseju$v541.
=856  40$3JapanKnowledge$uhttp://japanknowledge.com/lib/display/?lid=8021005410000$yJapanKnowledge Lib
=880  00$6245-01/{dollar}1$aアメリカ合衆国の地理 /$cピエール・ジョルジュ著 ; 野田早苗訳.
=880  \1$6264-02/{dollar}1$a東京 :$b白水社,$c1973.
=880  1\$6490-03/{dollar}1$a文庫クセジュ ;$v541
=880  1\$6700-04/{dollar}1$a野田早苗,$d1903-
=880  \0$6830-05/{dollar}1$a文庫クセジュ ;$v541.
=859  \\$aORR$bJapanKnowledge
=CAT  \\$aW1704-1242$b00$c20170509$lBLL01$h0927
=CAT  \\$aBATCH-UPD$b00$c20170509$lBLL01$h0936
=CAT  \\$aW2003-0365$c20200305$lBLL01$h1101
=FIN  \\$aY$d20170509
=SID  \\$aZ30$bOCLC
=SRC  \\$aJapanKnowledge_2017$bJK_OCLC20170203.mrc
=LAS  \\$aW2003-0365$b00$c20200305$lBLL01$h1101

