=LDR  03712 am a22008417a 4500
=001  018338402
=003  Uk
=005  20170106043149.0
=006  m\\\\\o\\d\\\\\\\\
=007  cr\|||||||||||
=008  100608m19671968ja\abc\\ob\\\\001\0bjpn\d
=FMT  \\$a  BK
=019  \\$a297289494$a608393191$a639335121$a681606368
=020  \\$z458280103X$q(v. 1)
=020  \\$z4582801153$q(v. 2)
=020  \\$z458280117X$q(v. 3)
=020  \\$z9784582801033$q(v. 1)
=020  \\$z9784582801156$q(v. 2)
=020  \\$z9784582801170$q(v. 3)
=035  \\$a(OCoLC)639335119$z(OCoLC)297289494$z(OCoLC)608393191$z(OCoLC)639335121$z(OCoLC)681606368
=040  \\$aOCLCE$beng$cOCLCE$dOCLCQ$dOCLCO$dOCLCA$dCUS$dOCLCQ$dOCLCA$dOCLCF$dOCLCO$dYUS$dOCLCO$dYUS$dOCLCQ$dOCLCO$dYUS$dOCLCO$dUk$epn
=042  \\$adlr
=043  \\$ae-ne---
=050  \4$aDS872.S53$bK87 1967
=082  04$a925.81
=100  1\$6880-01$aKure, Shūzō,$d1865-1932
=245  10$6880-02$aShiboruto Sensei :$bsono shōgai oyobi kōgyō /$cKure Shūzō cho ; Iwao Seiichi kaisetsu.
=250  \\$6880-03$aShohan.
=260  \\$6880-04$aTōkyō :$bHeibonsha,$c1967-1968$g(1994 printing)
=300  \\$a1 online resource (3 volumes) :$billustrations, maps, portraits.
=336  \\$atext$btxt$2rdacontent
=337  \\$acomputer$bc$2rdamedia
=338  \\$aonline resource$bcr$2rdacarrier
=490  1\$6880-05$aTōyō bunko ;$v103, 115, 117
=504  \\$aIncludes bibliographical references and index.
=588  0\$aPrint version record.
=600  10$aSiebold, Philipp Franz von,$d1796-1866.
=600  12$aSiebold, Philipp Franz von,$d1796-1866.
=600  17$aSiebold, Philipp Franz von,$d1796-1866$2fast$0(OCoLC)fst00018550
=650  \0$aJapanologists$zNetherlands$vBiography.
=650  \0$aNaturalists$zNetherlands$vBiography.
=650  \0$aPhysicians$zNetherlands$vBiography.
=650  \2$aHistory of Medicine.
=650  \7$aJapanologists.$2fast$0(OCoLC)fst00981989
=650  \7$aNaturalists.$2fast$0(OCoLC)fst01034543
=650  \7$aPhysicians.$2fast$0(OCoLC)fst01062841
=651  \7$aNetherlands.$2fast$0(OCoLC)fst01204034
=655  \2$aBiography.
=655  \7$aBiography.$2fast$0(OCoLC)fst01423686
=700  1\$6880-06$aIwao, Seiichi,$d1900-1988
=773  0\$tJapanKnowledge
=776  08$iPrint version:$aKure, Shūzō, 1865-1932.$tShiboruto Sensei.$bShohan.$dTōkyō : Heibonsha, 1967-1968
=830  \0$6880-07$aTōyō bunko$v103, 115, 117.
=856  40$3JapanKnowledge Volume 1$uhttp://japanknowledge.com/lib/display/?lid=80010V0103P0002$yJapanKnowledge Lib
=856  40$3JapanKnowledge Volume 2$uhttp://japanknowledge.com/lib/display/?lid=80010V0115P0002$yJapanKnowledge Lib
=856  40$3JapanKnowledge Volume 3$uhttp://japanknowledge.com/lib/display/?lid=80010V0117P0002$yJapanKnowledge Lib
=880  1\$6100-01/{dollar}1$a吳秀三,$d1865-1932.
=880  10$6245-02/{dollar}1$aシーボルト先生 :$bその生涯及び功業 /$c吳秀三著 ; 岩生成一解說.
=880  \\$6250-03/{dollar}1$a初版.
=880  \\$6260-04/{dollar}1$a東京 :$b平凡社,$c1967-1968$g(1994 printing)
=880  0\$6490-00/{dollar}1$a東洋文庫 ;$v103, 115, 117
=880  1\$6490-05/{dollar}1$a東洋文庫 ;$v103, 115, 117
=880  1\$6700-06/{dollar}1$a岩生成一,$d1900-1988.
=880  \0$6830-00/{dollar}1$a東洋文庫 ;$v103 etc.
=880  \0$6830-07/{dollar}1$a東洋文庫 ;$v103, 115, 117.
=859  \\$aORR$bJapanKnowledge
=CAT  \\$aW1704-1242$b00$c20170509$lBLL01$h0927
=CAT  \\$aBATCH-UPD$b00$c20170509$lBLL01$h0936
=CAT  \\$aW2003-0365$c20200305$lBLL01$h1101
=FIN  \\$aY$d20170509
=SID  \\$aZ30$bOCLC
=SRC  \\$aJapanKnowledge_2017$bJK_OCLC20170203.mrc
=LAS  \\$aW2003-0365$b00$c20200305$lBLL01$h1101

