=LDR  02114 am a22005654i 4500
=001  018338403
=003  Uk
=005  20170106043149.0
=006  m\\\\\o\\d\\\\\\\\
=007  cr\|||||||||||
=008  151214s1995\\\\ja\\\\\go\\\\\000\0\jpnod
=FMT  \\$a  BK
=020  \\$z4560057664
=020  \\$z9784560057667
=035  \\$a(OCoLC)932129262
=040  \\$aCNEAL$beng$cYUS$dOCLCO$dUk$erda$epn
=041  1\$ajpn$hfre
=050  \4$aDC103$b.P37165 1995
=100  1\$aPernoud, Régine,$d1909-1998,$eauthor.
=240  10$aJeanne d'Arc.$lJapanese
=245  10$6880-01$aJannu Daruku no jitsuzō /$cRejīnu Perunū [cho] ; Takayama Kazuhiko yaku.
=246  33$aJeanne d'Arc.
=264  \1$6880-02$aTōkyō :$bHakusuisha,$c1995
=300  \\$a1 online resource.
=336  \\$atext$btxt$2rdacontent
=337  \\$acomputer$bc$2rdamedia
=338  \\$aonline resource$bcr$2rdacarrier
=490  1\$6880-03$aBunko kuseju ;$v766
=500  \\$aTranslation of: Jeanne d'Arc.
=588  \\$aDescription based on print version.
=600  00$aJoan,$cof Arc, Saint,$d1412-1431.
=600  07$aJoan,$cof Arc, Saint,$d1412-1431$2fast$0(OCoLC)fst00032981
=700  1\$6880-04$aTakayama, Kazuhiko,$d1924-
=773  0\$tJapanKnowledge
=776  08$iPrint version:$tJannu daruku no jitsuzō.
=830  \0$6880-05$aBunko kuseju$v766.
=856  40$3JapanKnowledge$uhttp://japanknowledge.com/lib/display/?lid=8021007660000$yJapanKnowledge Lib
=880  10$6245-01/{dollar}1$aジャンヌ・ダルクの実像 /$cレジーヌ・ペルヌー [著] ; 高山一彦訳
=880  \1$6264-02/{dollar}1$a東京 :$b白水社,$c1995.
=880  1\$6490-03/{dollar}1$a文庫クセジュ ;$v766
=880  1\$6700-04/{dollar}1$a高山一彦,$d1924-
=880  \0$6830-05/{dollar}1$a文庫クセジュ ;$v766.
=859  \\$aORR$bJapanKnowledge
=CAT  \\$aW1704-1242$b00$c20170509$lBLL01$h0927
=CAT  \\$aBATCH-UPD$b00$c20170509$lBLL01$h0936
=CAT  \\$aW2003-0365$c20200305$lBLL01$h1101
=FIN  \\$aY$d20170509
=SID  \\$aZ30$bOCLC
=SRC  \\$aJapanKnowledge_2017$bJK_OCLC20170203.mrc
=LAS  \\$aW2003-0365$b00$c20200305$lBLL01$h1101

