=LDR  02297 am a22006134i 4500
=001  018338404
=003  Uk
=005  20170106043149.0
=006  m\\\\\o\\d\\\\\\\\
=007  cr\|||||||||||
=008  151113s2005\\\\ja\\\\\\o\\\\\000\0\jpn\d
=FMT  \\$a  BK
=020  \\$z4560508941
=020  \\$z9784560508947
=035  \\$a(OCoLC)929030770
=040  \\$aYUS$beng$cYUS$dYUS$dOCLCO$dOCLCF$dUk$erda$epn
=041  1\$ajpn$hfre
=043  \\$ae-fr---
=245  00$6880-01$aFūrigan no shakaigaku /$cDominikku Bodan cho ; Jinno Toshifumi, Aida Yoshiko yaku.
=264  \1$6880-02$aTōkyō :$bHakusuisha,$c2005.
=300  \\$a1 online resource.
=336  \\$atext$btxt$2rdacontent
=337  \\$acomputer$bc$2rdamedia
=338  \\$aonline resource$bcr$2rdacarrier
=490  1\$6880-03$aBunko kuseju ;$v894
=588  \\$aDescription based on print version.
=650  \0$aSoccer hooliganism$zFrance.
=650  \0$aViolence in sports$zFrance.
=650  \7$aSoccer hooliganism.$2fast$0(OCoLC)fst01122199
=650  \7$aViolence in sports.$2fast$0(OCoLC)fst01167302
=651  \7$aFrance.$2fast$0(OCoLC)fst01204289
=700  1\$6880-04$aJinno, Toshifumi,$d1961-
=700  1\$6880-05$aAida, Yoshiko,$d1960-
=700  1\$aBodin, Dominique.
=730  0\$aHooliganisme.
=773  0\$tJapanKnowledge
=776  08$iPrint version:$tFūrigan no shakaigaku.
=830  \0$6880-06$aBunko kuseju$v894.
=856  40$3JapanKnowledge$uhttp://japanknowledge.com/lib/display/?lid=8021008940000$yJapanKnowledge Lib
=880  00$6245-01/{dollar}1$aフーリガンの社会学 /$cドミニック・ボダン著 ; 陣野俊史, 相田淑子訳.
=880  \1$6264-02/{dollar}1$a東京 :$b白水社,$c2005.
=880  1\$6490-03/{dollar}1$a文庫クセジュ ;$v894
=880  1\$6700-04/{dollar}1$a陣野俊史,$d1961-
=880  1\$6700-05/{dollar}1$a相田淑子,$d1960-
=880  \0$6830-06/{dollar}1$a文庫クセジュ ;$v894.
=859  \\$aORR$bJapanKnowledge
=CAT  \\$aW1704-1242$b00$c20170509$lBLL01$h0927
=CAT  \\$aBATCH-UPD$b00$c20170509$lBLL01$h0936
=CAT  \\$aBATCH-UPD$b00$c20170509$lBLL01$h0940
=CAT  \\$aW2003-0365$c20200305$lBLL01$h1101
=FIN  \\$aY$d20170509
=SID  \\$aZ30$bOCLC
=SRC  \\$aJapanKnowledge_2017$bJK_OCLC20170203.mrc
=LAS  \\$aW2003-0365$b00$c20200305$lBLL01$h1101

