=LDR  03338 am a22007337a 4500
=001  018338405
=003  Uk
=005  20170106043149.0
=006  m\\\\\o\\d\\\\\\\\
=007  cr\|||||||||||
=008  100626s1978\\\\ja\\\\\\ob\\\\000\0\jpn\d
=FMT  \\$a  BK
=035  \\$a(OCoLC)643763667
=040  \\$aOCLCE$beng$cOCLCE$dHUA$dOCLCA$dCUS$dOCLCQ$dOCLCA$dOCLCQ$dOCLCO$dOCLCQ$dYUS$dOCLCO$dYUS$dOCLCO$dOCLCQ$dOCLCF$dYUS$dOCLCO$dUk$epn
=041  1\$ajpn$hchi
=042  \\$adlr
=043  \\$aa-cc-hu$aa-cc-hh$aa-cc-kw
=050  \4$aGT4883.A2$bT7516 1978
=100  1\$6880-01$aMoriya, Mitsuo,$d1915-1966
=240  10$6880-02$aJing Chu sui shi ji.$lJapanese
=245  10$6880-03$aKeiso saijiki /$cSō Rin ; Moriya Mitsuo yakuchū ; Nunome Chōfū [and others] hotei.
=250  \\$6880-04$aShohan.
=260  \\$6880-05$aTōkyō :$bHeibonsha,$c1978$g(1981 printing)
=300  \\$a1 online resource (303 pages).
=336  \\$atext$btxt$2rdacontent
=337  \\$acomputer$bc$2rdamedia
=338  \\$aonline resource$bcr$2rdacarrier
=490  1\$6880-06$aTōyō bunko ;$v324
=504  \\$aIncludes bibliographical references.
=588  0\$aPrint version record.
=600  10$6880-07.$aZong, Lin,$dapproximately 500-approximately 563$tJing Chu sui shi ji.
=630  07$aJing Chu sui shi ji (Zong, Lin)$2fast$0(OCoLC)fst01937949
=650  \7$aManners and customs.$2fast$0(OCoLC)fst01007815
=651  \0$aGuizhou Sheng (China)$xSocial life and customs.
=651  \0$aHubei Sheng (China)$xSocial life and customs.
=651  \0$aHunan Sheng (China)$xSocial life and customs.
=651  \7$aChina$zGuizhou Sheng.$2fast$0(OCoLC)fst01212364
=651  \7$aChina$zHubei Sheng.$2fast$0(OCoLC)fst01211754
=651  \7$aChina$zHunan Sheng.$2fast$0(OCoLC)fst01205462
=700  1\$6880-08$aNunome, Chōfū,$d1919-2000
=700  12$6880-09.$aZong, Lin,$dapproximately 500-approximately 563$tJing Chu sui shi ji.$lJapanese.
=773  0\$tJapanKnowledge
=776  08$iPrint version:$aMoriya, Mitsuo, 1915-1966.$sJing Chu sui shi ji. Japanese.$tKeiso saijiki.$bShohan.$dTōkyō : Heibonsha, 1978
=830  \0$6880-10$aTōyō bunko$v324.
=856  40$3JapanKnowledge$uhttp://japanknowledge.com/lib/display/?lid=80010V0324P0002$yJapanKnowledge Lib
=880  1\$6100-01/{dollar}1$a守屋美都雄,$d1915-1966.
=880  10$6240-02/{dollar}1$a荊楚歲時記.$lJapanese
=880  10$6245-03/{dollar}1$a荊楚歲時記 /$c宋懍 ; 守屋美都雄訳注 ; 布目潮渢 [and others]補訂.
=880  \\$6250-04/{dollar}1$a初版.
=880  \\$6260-05/{dollar}1$a東京 :$b平凡社,$c1978$g(1981 printing)
=880  1\$6490-06/{dollar}1$a東洋文庫 ;$v324
=880  14$6600-07/{dollar}1$a宗懍,$dapproximately 500-approximately 563.$t荊楚岁时记.
=880  1\$6700-08/{dollar}1$a布目潮渢,$d1919-2000.
=880  12$6700-09/{dollar}1$a宗懍,$dapproximately 500-approximately 563.$t荊楚岁时记.$lJapanese.
=880  \0$6830-10/{dollar}1$a東洋文庫 ;$v324.
=859  \\$aORR$bJapanKnowledge
=CAT  \\$aW1704-1242$b00$c20170509$lBLL01$h0927
=CAT  \\$aBATCH-UPD$b00$c20170509$lBLL01$h0936
=CAT  \\$aBATCH-UPD$b00$c20170509$lBLL01$h0940
=CAT  \\$aW2003-0365$c20200305$lBLL01$h1101
=FIN  \\$aY$d20170509
=SID  \\$aZ30$bOCLC
=SRC  \\$aJapanKnowledge_2017$bJK_OCLC20170203.mrc
=LAS  \\$aW2003-0365$b00$c20200305$lBLL01$h1101

