=LDR  03150 am a22007097a 4500
=001  018338406
=003  Uk
=005  20170106043150.0
=006  m\\\\\o\\d\\\\\\\\
=007  cr\|||||||||||
=008  110925m19992001ja\a\\\\ob\\\\000\1\jpn\d
=FMT  \\$a  BK
=019  \\$a659147058$a928950378
=020  \\$z4096580295$q(v. 1)
=020  \\$z9784096580295$q(v. 1)
=035  \\$a(OCoLC)754550920$z(OCoLC)659147058$z(OCoLC)928950378
=040  \\$aOCLCE$beng$cOCLCE$dOCLCQ$dOCLCO$dOCLCA$dOCLCQ$dOCLCF$dYUS$dOCLCO$dOCLCQ$dYUS$dOCLCO$dUk$epn
=050  \4$aPL789.R63$bS24 1999a
=082  04$a895.608$bS556, 1994, v. 29-30
=084  \\$a918$2njb
=100  0\$6880-01$aRokujō Saiin no Senji,$d-1092
=245  10$6880-02$aSagoromo monogatari /$c[Rokujō Saiin no Senji] ; kōchū, yaku Komachiya Teruhiko, Gotō Shōko.
=250  \\$6880-03$aDai 1-han.
=260  \\$6880-04$aTōkyō :$bShōgakkan,$c1999-2001.
=300  \\$a1 online resource (2 volumes) :$billustrations.
=336  \\$atext$btxt$2rdacontent
=337  \\$acomputer$bc$2rdamedia
=338  \\$aonline resource$bcr$2rdacarrier
=490  1\$6880-05$aShinpen Nihon koten bungaku zenshū ;$v29-30
=500  \\$6880-06$aTsuketari geppō.
=504  \\$aIncludes bibliographical references (1) pages 341-348.
=588  0\$aPrint version record.
=600  00$aRokujō Saiin no Senji,$d-1092.$tSagoromo monogatari.
=630  07$aSagoromo monogatari (Rokujō Saiin no Senji)$2fast$0(OCoLC)fst01370002
=700  1\$6880-07$aKomachiya, Teruhiko,$d1936-2014
=700  1\$6880-08$aGotō, Shōko,$d1938-
=773  0\$tJapanKnowledge
=776  08$iPrint version:$aRokujō Saiin no Senji, -1092.$tSagoromo monogatari.$bDai 1-han.$dTōkyō : Shōgakkan, 1999-2001
=830  \0$6880-09$aShinpen Nihon koten bungaku zenshū$v29-30.
=856  40$3JapanKnowledge Volume 1$uhttp://japanknowledge.com/lib/display/?lid=80110V00290013$yJapanKnowledge Lib
=856  40$3JapanKnowledge Volume 2$uhttp://japanknowledge.com/lib/display/?lid=80110V00300013$yJapanKnowledge Lib
=880  0\$6100-01/{dollar}1$a六条斎院宣旨,$d-1092.
=880  10$6245-02/{dollar}1$a狹衣物語 /$c[六条斎院宣旨] ; 校注・訳小町谷照彦, 後藤祥子.
=880  \\$6250-03/{dollar}1$a第1版.
=880  \\$6260-04/{dollar}1$a東京 :$b小学館,$c1999-2001.
=880  \1$6264-00/{dollar}1$a東京 :$b小学館,$c1999-2001.
=880  1\$6490-05/{dollar}1$a新編日本古典文学全集 ;$v29-30
=880  \\$6500-06/{dollar}1$a付: 月報.
=880  1\$6700-07/{dollar}1$a小町谷照彦,$d1936-
=880  1\$6700-08/{dollar}1$a後藤祥子,$d1938-
=880  \0$6830-09/{dollar}1$a新編日本古典文学全集 ;$v29-30.
=859  \\$aORR$bJapanKnowledge
=CAT  \\$aW1704-1242$b00$c20170509$lBLL01$h0927
=CAT  \\$aBATCH-UPD$b00$c20170509$lBLL01$h0936
=CAT  \\$aBATCH-UPD$b00$c20170509$lBLL01$h0940
=CAT  \\$a10804$b40$c20181012$lBLL01$h1405
=CAT  \\$aW2003-0365$c20200305$lBLL01$h1101
=CAT  \\$aBATCH-UPD$b00$c20200918$lBLL01$h2045
=FIN  \\$aY$d20170509
=SID  \\$aZ30$bOCLC
=SRC  \\$aJapanKnowledge_2017$bJK_OCLC20170203.mrc
=LAS  \\$aBATCH-UPD$b00$c20200918$lBLL01$h2045

