=LDR  02178 am a22005417a 4500
=001  018338407
=003  Uk
=005  20170106043150.0
=006  m\\\\\o\\d\\\\\\\\
=007  cr\|||||||||||
=008  100315s1966\\\\ja\a\\\\ob\\\\000\1\jpn\d
=FMT  \\$a  BK
=035  \\$a(OCoLC)556211105
=040  \\$aOCLCE$beng$cOCLCE$dOCLCQ$dCUS$dOCLCQ$dOCLCA$dOCLCQ$dYUS$dOCLCO$dYUS$dOCLCO$dOCLCQ$dYUS$dOCLCO$dUk$epn
=041  1\$ajpn$hsan
=042  \\$adlr
=050  \4$aPK3794.D4$bD53 1966
=100  0\$aDaṇḍin,$dactive 7th century.
=240  10$aDaśkumāracarita.$lJapanese
=245  10$6880-01$aJū ōji monogatari /$cDandin cho ; Tanaka Otoya, Sashida Seigō yaku.
=250  \\$6880-02$aShohan.
=260  \\$6880-03$aTōkyō :$bHeibonsha,$cShōwa 41 [1966]
=300  \\$a1 online resource (243 pages) :$billustrations.
=336  \\$atext$btxt$2rdacontent
=337  \\$acomputer$bc$2rdamedia
=338  \\$aonline resource$bcr$2rdacarrier
=490  1\$6880-04$aTōyō bunko ;$v63
=504  \\$aIncludes bibliographical references (pages 238-241).
=588  0\$aPrint version record.
=740  0\$6880-05$aJūōji monogatari.
=773  0\$tJapanKnowledge
=776  08$iPrint version:$aDaṇḍin, 7th cent.$sDaśkumāracarita. Japanese.$tJū ōji monogatari.$bShohan.$dTōkyō : Heibonsha, Shōwa 41 [1966]
=830  \0$6880-06$aTōyō bunko$v63.
=856  40$3JapanKnowledge$uhttp://japanknowledge.com/lib/display/?lid=80010V0063P0002$yJapanKnowledge Lib
=880  10$6245-01/{dollar}1$a十王子物語 /$cダンディン著 ; 田中於莵弥, 指田清剛訳.
=880  \\$6250-02/{dollar}1$a初版.
=880  \\$6260-03/{dollar}1$a東京 :$b平凡社,$c昭和41 [1966]
=880  1\$6490-04/{dollar}1$a東洋文庫 ;$v63
=880  0\$6740-05/{dollar}1$a十王子物語.
=880  \0$6830-06/{dollar}1$a東洋文庫 ;$v63.
=859  \\$aORR$bJapanKnowledge
=CAT  \\$aW1704-1242$b00$c20170509$lBLL01$h0927
=CAT  \\$aBATCH-UPD$b00$c20170509$lBLL01$h0936
=CAT  \\$aW2003-0365$c20200305$lBLL01$h1101
=FIN  \\$aY$d20170509
=SID  \\$aZ30$bOCLC
=SRC  \\$aJapanKnowledge_2017$bJK_OCLC20170203.mrc
=LAS  \\$aW2003-0365$b00$c20200305$lBLL01$h1101

