=LDR  02184 am a22005774i 4500
=001  018338408
=003  Uk
=005  20170106043150.0
=006  m\\\\\o\\d\\\\\\\\
=007  cr\|||||||||||
=008  151113s1970\\\\ja\\\\\\ob\\\\000\0\jpn\d
=FMT  \\$a  BK
=020  \\$z4560054800
=020  \\$z9784560054802
=035  \\$a(OCoLC)929031139
=040  \\$aCNEAL$beng$cYUS$dOCLCO$dYUS$dOCLCO$dOCLCF$dUk$erda$epn
=041  1\$ajpn$hfre
=050  \4$aN7830$b.P33167 1970
=100  1\$aPacaut, Marcel,$eauthor.
=245  10$6880-01$aKirisutokyō zuzōgaku /$cMaruseru Pako cho ; Matsumoto Fujio, Masuda Haruko kyōyaku.
=264  \1$6880-02$aTōkyō :$bHakusuisha,$c1970.
=300  \\$a1 online resource.
=336  \\$atext$btxt$2rdacontent
=337  \\$acomputer$bc$2rdamedia
=338  \\$aonline resource$bcr$2rdacarrier
=490  1\$6880-03$aBunko kuseju ;$v480
=504  \\$aIncludes bibliographical references.
=588  \\$aDescription based on print version.
=650  \0$aChristian art and symbolism.
=650  \7$aChristian art and symbolism.$2fast$0(OCoLC)fst00858904
=700  1\$6880-04$aMatsumoto, Fujio,$d1930-
=700  1\$6880-05$aMasuda, Haruko.
=730  0\$aIconographie chrétienne.
=773  0\$tJapanKnowledge
=776  08$iPrint version:$tKirisutokyō zuzōgaku
=830  \0$6880-06$aBunko kuseju$v480.
=856  40$3JapanKnowledge$uhttp://japanknowledge.com/lib/display/?lid=8021004800000$yJapanKnowledge Lib
=880  10$6245-01/{dollar}1$aキリスト敎図像学 /$cマルセル・パコ著 ; 松本富士男, 増田治子共訳.
=880  \1$6264-02/{dollar}1$a東京 :$b白水社,$c1970.
=880  1\$6490-03/{dollar}1$a文庫クセジュ ;$v480
=880  1\$6700-04/{dollar}1$a松本富士男,$d1930-
=880  1\$6700-05/{dollar}1$a増田治子.
=880  \0$6830-06/{dollar}1$a文庫クセジュ ;$v480.
=859  \\$aORR$bJapanKnowledge
=CAT  \\$aW1704-1242$b00$c20170509$lBLL01$h0927
=CAT  \\$aBATCH-UPD$b00$c20170509$lBLL01$h0936
=CAT  \\$aW2003-0365$c20200305$lBLL01$h1101
=FIN  \\$aY$d20170509
=SID  \\$aZ30$bOCLC
=SRC  \\$aJapanKnowledge_2017$bJK_OCLC20170203.mrc
=LAS  \\$aW2003-0365$b00$c20200305$lBLL01$h1101

