=LDR  02499 am a22006377a 4500
=001  018338409
=003  Uk
=005  20170106043151.0
=006  m\\\\\o\\d\\\\\\\\
=007  cr\|||||||||||
=008  101111s1963\\\\ja\ac\\\o\\\\\000\0\jpn\d
=FMT  \\$a  BK
=019  \\$a639427318
=020  \\$z4582800092
=020  \\$z9784582800098
=035  \\$a(OCoLC)680686877$z(OCoLC)639427318
=040  \\$aOCLCE$beng$cOCLCE$dOCLCQ$dCUS$dOCLCO$dOCLCQ$dOCLCO$dYUS$dOCLCO$dYUS$dOCLCO$dOCLCQ$dYUS$dOCLCO$dUk$epn
=042  \\$adlr
=043  \\$aa-ja---
=050  \4$aDS834.5.K3$bI53
=100  1\$6880-01$aImaizumi, Mine,$d1855-1937
=245  10$6880-02$aNagori no yume :$bran'i Katsuragawa-ke ni umarete /$cImaizumi Mine ; Kaneko Mitsuharu kaisetsu.
=250  \\$6880-03$aShohan.
=260  \\$6880-04$aTōkyō :$bHeibonsha,$c©1963.
=300  \\$a1 online resource (2, 8, 276, [14] pages) :$billustrations, portraits.
=336  \\$atext$btxt$2rdacontent
=337  \\$acomputer$bc$2rdamedia
=338  \\$aonline resource$bcr$2rdacarrier
=490  1\$6880-05$aTōyō bunko ;$v9
=588  0\$aPrint version record.
=600  10$6880-06$aImaizumi, Mine,$d1855-1937
=600  30$aKatsuragawa family.
=650  \0$aPhysicians$zJapan$vBiography.
=650  \0$aWomen$zJapan$vBiography.
=700  1\$6880-07$aKaneko, Mitsuharu,$d1895-1975
=773  0\$tJapanKnowledge
=776  08$iPrint version:$aImaizumi, Mine, 1855-1937.$tNagori no yume.$bShohan.$dTōkyō : Heibonsha, ©1963
=830  \0$6880-08$aTōyō bunko$v9.
=856  40$3JapanKnowledge$uhttp://japanknowledge.com/lib/display/?lid=80010V0009P0002$yJapanKnowledge Lib
=880  1\$6100-01/{dollar}1$a今泉みね,$d1855-1937.
=880  10$6245-02/{dollar}1$a名ごりの夢 :$b蘭医桂川家に生れて /$c今泉みね ; 金子光晴解說.
=880  \\$6250-03/{dollar}1$a初版.
=880  \\$6260-04/{dollar}1$a東京 :$b平凡社,$c©1963.
=880  1\$6490-05/{dollar}1$a東洋文庫 ;$v9
=880  14$6600-06/{dollar}1$a今泉みね,$d1855-1937.
=880  1\$6700-07/{dollar}1$a金子光晴,$d1895-1975.
=880  \0$6830-08/{dollar}1$a東洋文庫 ;$v9.
=859  \\$aORR$bJapanKnowledge
=CAT  \\$aW1704-1242$b00$c20170509$lBLL01$h0927
=CAT  \\$aBATCH-UPD$b00$c20170509$lBLL01$h0936
=CAT  \\$aBATCH-UPD$b00$c20170509$lBLL01$h0940
=CAT  \\$aW2003-0365$c20200305$lBLL01$h1101
=FIN  \\$aY$d20170509
=SID  \\$aZ30$bOCLC
=SRC  \\$aJapanKnowledge_2017$bJK_OCLC20170203.mrc
=LAS  \\$aW2003-0365$b00$c20200305$lBLL01$h1101

