=LDR  02073 am a22005534i 4500
=001  018338410
=003  Uk
=005  20170106043151.0
=006  m\\\\\o\\d\\\\\\\\
=007  cr\|||||||||||
=008  151113s1967\\\\ja\\\\\\o\\\\\000\0\jpn\d
=FMT  \\$a  BK
=020  \\$z4560054177
=020  \\$z9784560054178
=035  \\$a(OCoLC)929031199
=040  \\$aCNEAL$beng$cYUS$dOCLCO$dYUS$dOCLCO$dUk$erda$epn
=041  1\$ajpn$hfre
=050  \4$aB1875$b.R637167 1967
=100  1\$aRodis-Lewis, Geneviève,$eauthor.
=245  10$6880-01$aDekaruto to gōri shugi /$cJunuvievu Rodis-Ruis cho ; Fukui Atsushi yaku.
=264  \1$6880-02$aTōkyō :$bHakusuisha,$c1967.
=300  \\$a1 online resource.
=336  \\$atext$btxt$2rdacontent
=337  \\$acomputer$bc$2rdamedia
=338  \\$aonline resource$bcr$2rdacarrier
=490  1\$6880-03$aBunko kuseju ;$v417
=588  \\$aDescription based on print version.
=600  10$aDescartes, René,$d1596-1650.
=600  17$aDescartes, René,$d1596-1650$2fast$0(OCoLC)fst00036818
=650  \0$aRationalism.
=700  1\$6880-04$aFukui, Atsushi,$d1938-
=730  0\$aDescartes et le rationalisme.
=773  0\$tJapanKnowledge
=776  08$iPrint version:$tDekaruto to gōrishugi
=830  \0$6880-05$aBunko kuseju$v417.
=856  40$3JapanKnowledge$uhttp://japanknowledge.com/lib/display/?lid=8021004170000$yJapanKnowledge Lib
=880  10$6245-01/{dollar}1$aデカルトと合理主義 /$cジュヌヴィエーヴ・ロディス-ルイス著 ; 福居純訳.
=880  \1$6264-02/{dollar}1$a東京 :$b白水社,$c1967.
=880  1\$6490-03/{dollar}1$a文庫クセジュ ;$v417
=880  1\$6700-04/{dollar}1$a福居純,$d1938-
=880  \0$6830-05/{dollar}1$a文庫クセジュ ;$v417.
=859  \\$aORR$bJapanKnowledge
=CAT  \\$aW1704-1242$b00$c20170509$lBLL01$h0927
=CAT  \\$aBATCH-UPD$b00$c20170509$lBLL01$h0937
=CAT  \\$aW2003-0365$c20200305$lBLL01$h1101
=FIN  \\$aY$d20170509
=SID  \\$aZ30$bOCLC
=SRC  \\$aJapanKnowledge_2017$bJK_OCLC20170203.mrc
=LAS  \\$aW2003-0365$b00$c20200305$lBLL01$h1101

