=LDR  03399 am a22008297a 4500
=001  018338411
=003  Uk
=005  20170106043151.0
=006  m\\\\\o\\d\\\\\\\\
=007  cr\|||||||||||
=008  111007s2000\\\\ja\a\\\\ob\\\\000\0djpn\d
=FMT  \\$a  BK
=020  \\$z4582806791
=020  \\$z9784582806793
=035  \\$a(OCoLC)756234276
=040  \\$aOCLCE$beng$cOCLCE$dCUS$dOCLCQ$dOCLCF$dOCL$dYUS$dOCLCO$dYUS$dOCLCO$dOCLCQ$dYUS$dOCLCO$dUk$epn
=042  \\$adlr
=043  \\$aa-ch---$aa-cc---
=050  \4$aDS799.4$b.M24 2000
=084  \\$a222$2njb/9
=100  1\$6880-01$aMaejima, Shinji,$d1903-
=245  10$6880-02$a"Kareitō" Taiwan kara no chōbō /$cMaejima Shinji cho ; Sugita Hideaki hen.
=250  \\$6880-03$aShohan.
=260  \\$6880-04$aTōkyō :$bHeibonsha,$c2000.
=300  \\$a1 online resource (500 pages) :$billustrations.
=336  \\$atext$btxt$2rdacontent
=337  \\$acomputer$bc$2rdamedia
=338  \\$aonline resource$bcr$2rdacarrier
=490  1\$6880-05$aTōyō bunko ;$v679
=490  1\$6880-06$aMaejima Shinji chosakusen ;$v3
=504  \\$aIncludes bibliographical references.
=504  \\$aList of Shinji Maejima's works: pages 423-494.
=588  0\$aPrint version record.
=650  \7$aCivilization.$2fast$0(OCoLC)fst00862898
=650  \7$aDiplomatic relations.$2fast$0(OCoLC)fst01907412
=650  \7$aManners and customs.$2fast$0(OCoLC)fst01007815
=650  07$6880-07$aChūgoku-Rekishi.$2jlabsh/3
=650  07$6880-08$aTaiwan-Fūzoku.$2jlabsh/3
=651  \0$aChina$xForeign relations$xHistory.
=651  \0$aTaiwan$xCivilization.
=651  \0$aTaiwan$xSocial life and customs.
=651  \7$aChina.$2fast$0(OCoLC)fst01206073
=651  \7$aTaiwan.$2fast$0(OCoLC)fst01207854
=655  \7$aHistory.$2fast$0(OCoLC)fst01411628
=700  1\$6880-09$aSugita, Hideaki,$d1956-
=773  0\$tJapanKnowledge
=776  08$iPrint version:$aMaejima, Shinji, 1903-$t"Kareitō" Taiwan kara no chōbō.$bShohan.$dTōkyō : Heibonsha, 2000$z4582806791
=800  1\$6880-10.$aMaejima, Shinji,$d1903-$tWorks.$kSelections.$f2000 ;$v3.
=830  \0$6880-11$aTōyō bunko$v679.
=856  40$3JapanKnowledge$uhttp://japanknowledge.com/lib/display/?lid=80010V0679P0002$yJapanKnowledge Lib
=880  1\$6100-01/{dollar}1$a前嶋信次,$d1903-
=880  10$6245-02/{dollar}1$a〈華麗島〉台湾からの眺望 /$c前嶋信次著 ; 杉田英明編.
=880  \\$6250-03/{dollar}1$a初版.
=880  \\$6260-04/{dollar}1$a東京 :$b平凡社,$c2000.
=880  30$6246-00/{dollar}1$a華麗島台湾からの眺望
=880  1\$6490-05/{dollar}1$a東洋文庫 ;$v679
=880  1\$6490-06/{dollar}1$a前嶋信次著作選 ;$v3
=880  07$6650-00/{dollar}1$a台湾-風俗.$2jlabsh/3
=880  07$6650-00/{dollar}1$a中国-歴史.$2jlabsh/3
=880  07$6650-07/{dollar}1$a中国-歴史.$2jlabsh/3
=880  07$6650-08/{dollar}1$a台湾-風俗.$2jlabsh/3
=880  1\$6700-09/{dollar}1$a杉田英明,$d1956-
=880  1\$6800-10/{dollar}1$a前嶋信次,$d1903-$tWorks.$kSelections.$f2000 ;$v3.
=880  \0$6830-11/{dollar}1$a東洋文庫 ;$v679.
=859  \\$aORR$bJapanKnowledge
=CAT  \\$aW1704-1242$b00$c20170509$lBLL01$h0927
=CAT  \\$aBATCH-UPD$b00$c20170509$lBLL01$h0937
=CAT  \\$aW2003-0365$c20200305$lBLL01$h1101
=FIN  \\$aY$d20170509
=SID  \\$aZ30$bOCLC
=SRC  \\$aJapanKnowledge_2017$bJK_OCLC20170203.mrc
=LAS  \\$aW2003-0365$b00$c20200305$lBLL01$h1101

