=LDR  02369 am a22006377a 4500
=001  018338412
=003  Uk
=005  20170106043152.0
=006  m\\\\\o\\d\\\\\\\\
=007  cr\un|||||||||
=008  090202s1975\\\\ja\\\\\\o\\\\\000\0\jpn\d
=FMT  \\$a  BK
=019  \\$a550550649
=035  \\$a(OCoLC)301278734$z(OCoLC)550550649
=040  \\$aOCLCE$beng$cOCLCE$dOCLCQ$dCHVBK$dOCLCQ$dCUS$dOCLCF$dYUS$dOCLCO$dYUS$dOCLCO$dOCLCQ$dYUS$dOCLCO$dUk$epn
=042  \\$adlr
=043  \\$aa-ja---
=050  \4$aGR340$b.S47 1975
=100  1\$6880-01$aShimazu, Hisamoto,$d1891-1949
=245  10$6880-02$aRashōmon no oni /$cShimazu Hisamoto.
=250  \\$6880-03$aShohan.
=260  \\$6880-04$aTōkyō :$bHeibonsha,$cShōwa 50 [1975]
=300  \\$a1 online resource (vi, 299 pages).
=336  \\$atext$btxt$2rdacontent
=337  \\$acomputer$bc$2rdamedia
=338  \\$aonline resource$bcr$2rdacarrier
=490  1\$6880-05$aTōyō bunko ;$v269
=588  0\$aPrint version record.
=650  \0$aLegends$zJapan$xHistory and criticism.
=650  \7$aLegends.$2fast$0(OCoLC)fst00995592
=650  \7$aGeister$2gnd
=650  \7$aLegende$2gnd
=650  \7$aMärchen$2gnd
=651  \7$aJapan.$2fast$0(OCoLC)fst01204082
=651  \7$aJapan.$2gnd
=655  \7$aCriticism, interpretation, etc.$2fast$0(OCoLC)fst01411635
=773  0\$tJapanKnowledge
=776  08$iPrint version:$aShimazu, Hisamoto, 1891-1949.$tRashōmon no oni.$bShohan.$dTōkyō : Heibonsha, Shōwa 50 [1975]
=830  \0$6880-06$aTōyō bunko$v269.
=856  40$3JapanKnowledge$uhttp://japanknowledge.com/lib/display/?lid=80010V0269P0002$yJapanKnowledge Lib
=880  1\$6100-01/{dollar}1$a島津久基,$d1891-1949.
=880  10$6245-02/{dollar}1$a羅生門の鬼 /$c島津久基.
=880  \\$6250-03/{dollar}1$a初版.
=880  \\$6260-04/{dollar}1$a東京 :$b平凡社,$c昭和50 [1975]
=880  1\$6490-05/{dollar}1$a東洋文庫 ;$v269
=880  \0$6830-06/{dollar}1$a東洋文庫 ;$v269.
=859  \\$aORR$bJapanKnowledge
=CAT  \\$aW1704-1242$b00$c20170509$lBLL01$h0927
=CAT  \\$aBATCH-UPD$b00$c20170509$lBLL01$h0937
=CAT  \\$aW2003-0365$c20200305$lBLL01$h1101
=FIN  \\$aY$d20170509
=SID  \\$aZ30$bOCLC
=SRC  \\$aJapanKnowledge_2017$bJK_OCLC20170203.mrc
=029  1\$aCHBIS$b009792369
=029  1\$aCHVBK$b175087466
=LAS  \\$aW2003-0365$b00$c20200305$lBLL01$h1101

