=LDR  03179 am a22006977a 4500
=001  018338413
=003  Uk
=005  20170106043152.0
=006  m\\\\\o\\d\\\\\\\\
=007  cr\|||||||||||
=008  100305m19821983ja\a\\\\o\\\\\000\0\jpn\d
=FMT  \\$a  BK
=019  \\$a297894284
=035  \\$a(OCoLC)541299967$z(OCoLC)297894284
=040  \\$aOCLCE$beng$cOCLCE$dOCLCQ$dCUS$dOCLCQ$dOCLCF$dYUS$dOCLCO$dYUS$dOCLCO$dOCL$dOCLCQ$dYUS$dOCLCO$dUk$epn
=042  \\$adlr
=043  \\$aa-ja---
=050  \4$aDS871$b.M34 1982 <Orien Japan>
=100  1\$6880-01$aMatsuura, Seizan,$d1760-1841
=240  10$6880-02$aKasshi yawa.$n3-hen
=245  10$6880-03$aKasshi yawa sanpen /$cMatsuura Seizan ; Nakamura Yukihiko, Nakano Mitsutoshi kōtei.
=250  \\$6880-04$aShohan.
=260  \\$6880-05$aTōkyō :$bHeibonsha,$c1982-1983.
=300  \\$a1 online resource (6 volumes) :$billustrations.
=336  \\$atext$btxt$2rdacontent
=337  \\$acomputer$bc$2rdamedia
=338  \\$aonline resource$bcr$2rdacarrier
=490  1\$6880-06$aTōyō bunko ;$v413, etc.
=588  0\$aPrint version record.
=648  \7$a1600-1868$2fast
=651  \0$aJapan$xHistory$yTokugawa period, 1600-1868.
=651  \7$aJapan.$2fast$0(OCoLC)fst01204082
=655  \7$aHistory.$2fast$0(OCoLC)fst01411628
=700  1\$6880-07$aNakamura, Yukihiko,$d1911-1998
=700  1\$6880-08$aNakano, Mitsutoshi,$d1935-
=773  0\$tJapanKnowledge
=776  08$iPrint version:$aMatsuura, Seizan, 1760-1841.$sKasshi yawa. 3-hen.$tKasshi yawa sanpen.$dTōkyō : Heibonsha, 1982-1983
=830  \0$6880-09$aTōyō bunko$v413, etc.
=856  40$3JapanKnowledge Volume 1$uhttp://japanknowledge.com/lib/display/?lid=80010V0413P0002$yJapanKnowledge Lib
=856  40$3JapanKnowledge Volume 2$uhttp://japanknowledge.com/lib/display/?lid=80010V0415P0002$yJapanKnowledge Lib
=856  40$3JapanKnowledge Volume 3$uhttp://japanknowledge.com/lib/display/?lid=80010V0418P0002$yJapanKnowledge Lib
=856  40$3JapanKnowledge Volume 4$uhttp://japanknowledge.com/lib/display/?lid=80010V0421P0002$yJapanKnowledge Lib
=856  40$3JapanKnowledge Volume 5$uhttp://japanknowledge.com/lib/display/?lid=80010V0423P0002$yJapanKnowledge Lib
=856  40$3JapanKnowledge Volume 6$uhttp://japanknowledge.com/lib/display/?lid=80010V0427P0002$yJapanKnowledge Lib
=880  1\$6100-01/{dollar}1$a松浦静山,$d1760-1841.
=880  10$6240-02/{dollar}1$a甲子夜話.$n3篇
=880  10$6245-03/{dollar}1$a甲子夜話三篇 /$c松浦静山 ; 中村幸彥, 中野三敏校訂.
=880  \\$6250-04/{dollar}1$a初版.
=880  \\$6260-05/{dollar}1$a東京 :$b平凡社,$c1982-1983.
=880  1\$6490-06/{dollar}1$a東洋文庫 ;$v413, etc.
=880  1\$6700-07/{dollar}1$a中村幸彥,$d1911-1998.
=880  1\$6700-08/{dollar}1$a中野三敏,$d1935-
=880  \0$6830-09/{dollar}1$a東洋文庫 ;$v413, etc.
=859  \\$aORR$bJapanKnowledge
=CAT  \\$aW1704-1242$b00$c20170509$lBLL01$h0927
=CAT  \\$aBATCH-UPD$b00$c20170509$lBLL01$h0937
=CAT  \\$aW2003-0365$c20200305$lBLL01$h1101
=FIN  \\$aY$d20170509
=SID  \\$aZ30$bOCLC
=SRC  \\$aJapanKnowledge_2017$bJK_OCLC20170203.mrc
=LAS  \\$aW2003-0365$b00$c20200305$lBLL01$h1101

