=LDR  01989 am a22005534i 4500
=001  018338414
=003  Uk
=005  20170106043152.0
=006  m\\\\\o\\d\\\\\\\\
=007  cr\|||||||||||
=008  151113s1996\\\\ja\\\\\\o\\\\\000\0\jpn\d
=FMT  \\$a  BK
=020  \\$z4560057850
=020  \\$z9784560057858
=035  \\$a(OCoLC)929030600
=040  \\$aYUS$beng$cYUS$dYUS$dOCLCO$dOCLCF$dUk$erda$epn
=041  1\$ajpn$hfre
=245  00$6880-01$aBarokku no seishin.
=264  \1$6880-02$aTōkyō :$bHakusuisha,$c1996.
=300  \\$a1 online resource.
=336  \\$atext$btxt$2rdacontent
=337  \\$acomputer$bc$2rdamedia
=338  \\$aonline resource$bcr$2rdacarrier
=490  1\$6880-03$aBunko kuseju ;$v785
=588  \\$aDescription based on print version.
=650  \0$aArt, Baroque.
=650  \0$aBaroque literature.
=650  \7$aArt, Baroque.$2fast$0(OCoLC)fst00815997
=650  \7$aBaroque literature.$2fast$0(OCoLC)fst00827710
=700  1\$6880-04$aAkiyama, Nobuko,$d1966-
=700  1\$aAngoulvent, Anne-Laure.
=730  0\$aL'esprit baroque.
=773  0\$tJapanKnowledge
=776  08$iPrint version:$tBarokku no seishin.
=830  \0$6880-05$aBunko kuseju$v785.
=856  40$3JapanKnowledge$uhttp://japanknowledge.com/lib/display/?lid=8021007850000$yJapanKnowledge Lib
=880  00$6245-01/{dollar}1$aバロックの精神 /$cアンヌ=ロール・アングールヴァン [著] ; 秋山伸子訳.
=880  \1$6264-02/{dollar}1$a東京 :$b白水社,$c1996.
=880  1\$6490-03/{dollar}1$a文庫クセジュ ;$v785
=880  1\$6700-04/{dollar}1$a秋山伸子,$d1966-
=880  \0$6830-05/{dollar}1$a文庫クセジュ ;$v785.
=859  \\$aORR$bJapanKnowledge
=CAT  \\$aW1704-1242$b00$c20170509$lBLL01$h0927
=CAT  \\$aBATCH-UPD$b00$c20170509$lBLL01$h0937
=CAT  \\$aW2003-0365$c20200305$lBLL01$h1101
=FIN  \\$aY$d20170509
=SID  \\$aZ30$bOCLC
=SRC  \\$aJapanKnowledge_2017$bJK_OCLC20170203.mrc
=LAS  \\$aW2003-0365$b00$c20200305$lBLL01$h1101

