=LDR  02823 am a22007097i 4500
=001  018338415
=003  Uk
=005  20170106043153.0
=006  m\\\\\o\\d\\\\\\\\
=007  cr\|||||||||||
=008  110412s1977\\\\ja\\\\\\ob\\\\000\0\jpn\d
=FMT  \\$a  BK
=035  \\$a(OCoLC)712556010
=040  \\$aOCLCE$beng$cOCLCE$dCUS$dOCLCQ$dOCLCF$dOCLCQ$dOCLCO$dYUS$dOCLCO$dYUS$dOCLCO$dOCLCQ$dYUS$dOCLCO$dUk$epn
=042  \\$adlr
=043  \\$aa-cc---
=050  \4$aR601$b.J48 1977
=245  00$6880-01$aChūgoku no igaku to gijutsu :$bIezusu kaishi shokanshū /$cYazawa Toshihiko hen'yaku.
=250  \\$6880-02$aShohan.
=260  \\$6880-03$aTōkyō :$bHeibonsha,$c1977.
=300  \\$a1 online resource (381 pages).
=336  \\$atext$btxt$2rdacontent
=337  \\$acomputer$bc$2rdamedia
=338  \\$aonline resource$bcr$2rdacarrier
=490  1\$6880-04$aTōyō bunko ;$v301
=504  \\$aIncludes bibliographical references.
=588  0\$aPrint version record.
=650  \0$aMateria medica$zChina.
=650  \0$aMedicine, Chinese.
=650  \0$aMissionaries$zChina$xCorrespondence.
=650  \0$aTechnology$zChina.
=650  \7$aMateria medica.$2fast$0(OCoLC)fst01011707
=650  \7$aMedicine, Chinese.$2fast$0(OCoLC)fst01015214
=650  \7$aMissionaries.$2fast$0(OCoLC)fst01023720
=650  \7$aTechnology.$2fast$0(OCoLC)fst01145078
=650  \7$aTravel.$2fast$0(OCoLC)fst01155558
=651  \0$aChina$xDescription and travel.
=651  \7$aChina.$2fast$0(OCoLC)fst01206073
=653  \\$6880-05$aIgaku$aRekishi$aChūgoku.
=653  \\$6880-06$aKatorikkukyōkai$aChūgoku$aRekishi.
=655  \7$aRecords and correspondence.$2fast$0(OCoLC)fst01423917
=700  1\$6880-07$aYazawa, Toshihiko,$d1914-
=773  0\$tJapanKnowledge
=776  08$iPrint version:$tChūgoku no igaku to gijutsu.$dTōkyō : Heibonsha, 1977
=830  \0$6880-08$aTōyō bunko$v301.
=856  40$3JapanKnowledge$uhttp://japanknowledge.com/lib/display/?lid=80010V0301P0002$yJapanKnowledge Lib
=880  00$6245-01/{dollar}1$a中国の医学と技術 :$bイエズス会士書簡集 /$c矢沢利彥編訳.
=880  \\$6250-02/{dollar}1$a初版.
=880  \\$6260-03/{dollar}1$a東京 :$b平凡社,$c1977.
=880  1\$6490-04/{dollar}1$a東洋文庫 ;$v301
=880  \\$6653-05/{dollar}1$a医学$a歴史$a中国.
=880  \\$6653-06/{dollar}1$aカトリック敎会$a中国$a歴史.
=880  1\$6700-07/{dollar}1$a矢沢利彥,$d1914-
=880  \0$6830-08/{dollar}1$a東洋文庫 ;$v301.
=859  \\$aORR$bJapanKnowledge
=CAT  \\$aW1704-1242$b00$c20170509$lBLL01$h0927
=CAT  \\$aBATCH-UPD$b00$c20170509$lBLL01$h0937
=CAT  \\$aW2003-0365$c20200305$lBLL01$h1101
=FIN  \\$aY$d20170509
=SID  \\$aZ30$bOCLC
=SRC  \\$aJapanKnowledge_2017$bJK_OCLC20170203.mrc
=LAS  \\$aW2003-0365$b00$c20200305$lBLL01$h1101

