=LDR  02713 am a22006257i 4500
=001  018338416
=003  Uk
=005  20170106043153.0
=006  m\\\\\o\\d\\\\\\\\
=007  cr\un|||||||||
=008  090202s1970\\\\ja\c\\\\o\\\\\000\0ajpn\d
=FMT  \\$a  BK
=019  \\$a639295868
=035  \\$a(OCoLC)301215868$z(OCoLC)639295868
=040  \\$aOCLCE$beng$cOCLCE$dOCLCQ$dCUS$dOCLCQ$dOCLCO$dOCLCQ$dOCLCF$dYUS$dOCLCO$dYUS$dOCLCO$dOCLCQ$dYUS$dOCLCO$dUk$epn
=042  \\$adlr
=050  \4$aDS884.H3$bA28 1970
=100  1\$6880-01$aHayashi, Tadasu,$d1850-1913
=245  10$6880-02$aNochi wa mukashi no ki, hoka :$bHayashi Tadasu kaikoroku /$cYui Masaomi kōchū.
=246  30$6880-03$aHayashi Tadasu kaikoroku
=250  \\$6880-04$aShohan.
=260  \\$6880-05$aTōkyō :$bHeibonsha,$cShōwa 45 [1970]
=300  \\$a1 online resource (419 pages) :$bportrait.
=336  \\$atext$btxt$2rdacontent
=337  \\$acomputer$bc$2rdamedia
=338  \\$aonline resource$bcr$2rdacarrier
=490  1\$6880-06$aTōyō bunko ;$v173
=505  0\$6880-07$aHayashi Tadasu-haku jijoden kaikoroku -- Nochi wa mukashi no ki -- Nichi-Ei dōmei no shinsō -- Kaisetsu (Yui Masaomi), nenpu.
=588  0\$aPrint version record.
=600  10$6880-08$aHayashi, Tadasu,$d1850-1913
=600  17$aHayashi, Tadasu,$d1850-1913$2fast$0(OCoLC)fst00239749
=700  1\$6880-09$aYui, Masaomi,$d1933-2008
=773  0\$tJapanKnowledge
=776  08$iPrint version:$aHayashi, Tadasu, 1850-1913.$tNochi wa mukashi no ki, hoka.$dTōkyō : Heibonsha, Shōwa 45 [1970]
=830  \0$6880-10$aTōyō bunko$v173.
=856  40$3JapanKnowledge$uhttp://japanknowledge.com/lib/display/?lid=80010V0173P0002$yJapanKnowledge Lib
=880  1\$6100-01/{dollar}1$a林董,$d1850-1913.
=880  10$6245-02/{dollar}1$a後は昔の記 他 :$b林董回顧錄 /$c由井正臣校注.
=880  30$6246-03/{dollar}1$a林董回顧錄
=880  \\$6250-04/{dollar}1$a初版.
=880  \\$6260-05/{dollar}1$a東京 :$b平凡社,$c昭和45 [1970]
=880  1\$6490-06/{dollar}1$a東洋文庫 ;$v173
=880  0\$6505-07/{dollar}1$a林董伯自叙伝 回顧錄 -- 後は昔の記 -- 日英同盟の真相 -- 解說(由井正臣), 年譜.
=880  14$6600-08/{dollar}1$a林董,$d1850-1913.
=880  1\$6700-09/{dollar}1$a由井正臣,$d1933-
=880  \0$6830-10/{dollar}1$a東洋文庫 ;$v173.
=859  \\$aORR$bJapanKnowledge
=CAT  \\$aW1704-1242$b00$c20170509$lBLL01$h0927
=CAT  \\$aBATCH-UPD$b00$c20170509$lBLL01$h0937
=CAT  \\$aBATCH-UPD$b00$c20170509$lBLL01$h0940
=CAT  \\$aW2003-0365$c20200305$lBLL01$h1101
=FIN  \\$aY$d20170509
=SID  \\$aZ30$bOCLC
=SRC  \\$aJapanKnowledge_2017$bJK_OCLC20170203.mrc
=LAS  \\$aW2003-0365$b00$c20200305$lBLL01$h1101

