=LDR  02587 am a22005774i 4500
=001  018338417
=003  Uk
=005  20170106043153.0
=006  m\\\\\o\\d\\\\\\\\
=007  cr\|||||||||||
=008  151113s1956\\\\ja\\\\\\ob\\\\001\0\jpn\d
=FMT  \\$a  BK
=035  \\$a(OCoLC)929029027
=040  \\$aSTF$beng$cYUS$dOCLCO$dYUS$dOCLCO$dOCLCF$dUk$erda$epn
=041  1\$ajpn$hfre
=050  \4$aPQ6034$b.C3163 1956
=100  1\$aCamp, Jean,$d1891-1968,$eauthor.
=240  10$aLittérature espagnole des origines à nos jours.$lJapanese
=245  10$6880-01$aSupein bungakushi /$cJan Kan cho ; Aida Yū yaku.
=264  \1$6880-02$aTōkyō :$bHakusuisha,$c1956.
=300  \\$a1 online resource (130, 6 pages).
=336  \\$atext$btxt$2rdacontent
=337  \\$acomputer$bc$2rdamedia
=338  \\$aonline resource$bcr$2rdacarrier
=490  1\$6880-03$aBunko kuseju ;$v185
=500  \\$aTranslation of: Littérature espagnole des origines à nos jours.
=504  \\$aIncludes bibliographical references and index.
=588  \\$aDescription based on print version record.
=650  \0$aSpanish literature$xHistory and criticism.
=650  \7$aSpanish literature.$2fast$0(OCoLC)fst01128568
=655  \7$aCriticism, interpretation, etc.$2fast$0(OCoLC)fst01411635
=700  1\$6880-04,$aAida, Yū,$d1903-1971$etranslator.
=773  0\$tJapanKnowledge
=776  08$6880-05$iPrint version:$aCamp, Jean, 1891-1968.$sLittérature espagnole des origines à nos jours. Japanese.$tSupein bungakushi.$dTōkyō : Hakusuisha, 1956
=830  \0$6880-06$aBunko kuseju$v185.
=856  40$3JapanKnowledge$uhttp://japanknowledge.com/lib/display/?lid=8021001850000$yJapanKnowledge Lib
=880  10$6245-01$aスペイン文学史 /$cジャン・カン著 ; 会田由訳.
=880  \1$6264-02$a東京 :$b白水社,$c1956.
=880  1\$6490-03$a文庫クセジュ ;$v185
=880  1\$6700-04$a会田由,$d1903-1971$etranslator.
=880  08$6776-05$iPrint version:$aCamp, Jean, 1891-1968.$sLittérature espagnole des origines à nos jours. Japanese.$tスペイン文学史.$d東京 : 白水社, 1956$w(OCoLC)33641656
=880  \0$6830-06$a文庫クセジュ ;$v185.
=859  \\$aORR$bJapanKnowledge
=CAT  \\$aW1704-1242$b00$c20170509$lBLL01$h0927
=CAT  \\$aBATCH-UPD$b00$c20170509$lBLL01$h0937
=CAT  \\$aBATCH-UPD$b00$c20170509$lBLL01$h0940
=CAT  \\$aW2003-0365$c20200305$lBLL01$h1101
=FIN  \\$aY$d20170509
=SID  \\$aZ30$bOCLC
=SRC  \\$aJapanKnowledge_2017$bJK_OCLC20170203.mrc
=LAS  \\$aW2003-0365$b00$c20200305$lBLL01$h1101

