=LDR  02184cam a22005774i 4500
=001  018338418
=003  Uk
=005  20170106043153.0
=006  m\\\\\o\\d\\\\\\\\
=007  cr\|||||||||||
=008  151214s1995\\\\ja\\\\\gob\\\\000\0\jpnod
=FMT  \\$a  BK
=020  \\$z456005763X
=020  \\$z9784560057636
=035  \\$a(OCoLC)932129261
=040  \\$aCNEAL$beng$cYUS$dOCLCO$dOCLCF$dUk$erda$epn
=041  1\$ajpn$hfre
=050  \4$aBF1999$b.F35165 1995.
=100  1\$aFaivre, Antoine,$d1934-2021,$eauthor.
=240  10$aÉsoťrisme.$lJapanese
=245  10$6880-01$aEzoterisumu shisō :$bseiyō inpigaku no keifu /$cFaivre Antoine ; Tanaka Yoshihiro.
=264  \1$6880-02$aTōkyō :$bHakusuisha,$c1995.
=300  \\$a1 online resource.
=336  \\$atext$btxt$2rdacontent
=337  \\$acomputer$bc$2rdamedia
=338  \\$aonline resource$bcr$2rdacarrier
=490  1\$6880-03$aBunko kuseju ;$v763
=500  \\$aTranslation of: Lʹ̌soťrisme.
=504  \\$aIncludes bibliographical references.
=588  \\$aDescription based on print version.
=650  \0$aOccultism.
=650  \7$aOccultism.$2fast$0(OCoLC)fst01043123
=700  1\$6880-04$aTanaka, Yoshihiro,$d1950-
=773  0\$tJapanKnowledge
=776  08$iPrint version:$tEzoterisumu shisō.
=830  \0$6880-05$aBunko kuseju$v763.
=856  40$3JapanKnowledge$uhttp://japanknowledge.com/lib/display/?lid=8021007630000$yJapanKnowledge Lib
=880  10$6245-01/{dollar}1$aエゾテリスム思想 :$b西洋隠秘学の系譜 /$cアントワーヌ・フェーヴル著 ; 田中義広訳
=880  \1$6264-02/{dollar}1$a東京 :$b白水社,$c1995.
=880  1\$6490-03/{dollar}1$a文庫クセジュ ;$v763
=880  1\$6700-04/{dollar}1$a田中, 義広,$d1950-
=880  \0$6830-05/{dollar}1$a文庫クセジュ ;$v763.
=859  \\$aORR$bJapanKnowledge
=CAT  \\$aW1704-1242$b00$c20170509$lBLL01$h0927
=CAT  \\$aBATCH-UPD$b00$c20170509$lBLL01$h0937
=CAT  \\$aW2003-0365$c20200305$lBLL01$h1101
=CAT  \\$aBATCH-UPD$b00$c20220523$lBLL01$h2314
=FIN  \\$aY$d20170509
=SID  \\$aZ30$bOCLC
=SRC  \\$aJapanKnowledge_2017$bJK_OCLC20170203.mrc
=LAS  \\$aBATCH-UPD$b00$c20220523$lBLL01$h2314

