=LDR  03008 am a22007337a 4500
=001  018338419
=003  Uk
=005  20170106043154.0
=006  m\\\\\o\\d\\\\\\\\
=007  cr\|||||||||||
=008  100712s1995\\\\ja\\\\\\o\\\\\000\0\jpn\d
=FMT  \\$a  BK
=020  \\$z4582805922
=020  \\$z9784582805925
=035  \\$a(OCoLC)646974059
=040  \\$aOCLCE$beng$cOCLCE$dCUS$dOCLCQ$dOCLCF$dOCLCO$dYUS$dOCLCO$dYUS$dOCLCO$dOCL$dOCLCQ$dYUS$dOCLCO$dUk$epn
=042  \\$adlr
=043  \\$aa-ja---
=050  \4$aPL726.6$b.D33 1995
=245  00$6880-01$aDagyokushū :$bMeiji shoke intabyūshū /$cIhara Seiseien, Gotō Chūgai hen ; Kōno Toshirō kaisetsu.
=246  30$6880-02$aMeiji shoke intabyūshū
=250  \\$6880-03$aShohan.
=260  \\$6880-04$aTōkyō :$bHeibonsha,$c1995.
=300  \\$a1 online resource (402 pages).
=336  \\$atext$btxt$2rdacontent
=337  \\$acomputer$bc$2rdamedia
=338  \\$aonline resource$bcr$2rdacarrier
=490  1\$6880-05$aTōyō bunko ;$v592
=588  0\$aPrint version record.
=648  \7$a1868-1912$2fast
=650  \0$aAuthors, Japanese$vInterviews.
=650  \0$aJapanese literature$yMeiji period, 1868-1912$xHistory and criticism.
=650  \7$aAuthors, Japanese.$2fast$0(OCoLC)fst00822144
=650  \7$aJapanese literature$xMeiji period.$2fast$0(OCoLC)fst01710987
=650  \7$aManners and customs.$2fast$0(OCoLC)fst01007815
=651  \0$aJapan$xSocial life and customs$y1868-1912.
=651  \7$aJapan.$2fast$0(OCoLC)fst01204082
=655  \7$aCriticism, interpretation, etc.$2fast$0(OCoLC)fst01411635
=655  \7$aInterviews.$2fast$0(OCoLC)fst01423832
=700  1\$6880-06$aIhara, Seiseien,$d1870-1941
=700  1\$6880-07$aGotō, Chūgai,$d1866-1938
=700  1\$6880-08$aKōno, Toshirō.
=773  0\$tJapanKnowledge
=776  08$iPrint version:$tDagyokushū.$bShohan.$dTōkyō : Heibonsha, 1995$z4582805922
=830  \0$6880-09$aTōyō bunko$v592.
=856  40$3JapanKnowledge$uhttp://japanknowledge.com/lib/display/?lid=80010V0592P0002$yJapanKnowledge Lib
=880  00$6245-01/{dollar}1$a唾玉集 :$b明治諸家インタヴュ一集 /$c伊原青々園, 後藤宙外編 ; 紅野敏郎解說.
=880  30$6246-02/{dollar}1$a明治諸家インタヴュ一集
=880  \\$6250-03/{dollar}1$a初版.
=880  \\$6260-04/{dollar}1$a東京 :$b平凡社,$c1995.
=880  1\$6490-05/{dollar}1$a東洋文庫 ;$v592
=880  1\$6700-06/{dollar}1$a伊原青々園,$d1870-1941.
=880  1\$6700-07/{dollar}1$a後藤宙外,$d1866-1938.
=880  1\$6700-08/{dollar}1$a紅野敏郎.
=880  \0$6830-09/{dollar}1$a東洋文庫 ;$v592.
=859  \\$aORR$bJapanKnowledge
=CAT  \\$aW1704-1242$b00$c20170509$lBLL01$h0927
=CAT  \\$aBATCH-UPD$b00$c20170509$lBLL01$h0937
=CAT  \\$aBATCH-UPD$b00$c20170509$lBLL01$h0940
=CAT  \\$aW2003-0365$c20200305$lBLL01$h1101
=FIN  \\$aY$d20170509
=SID  \\$aZ30$bOCLC
=SRC  \\$aJapanKnowledge_2017$bJK_OCLC20170203.mrc
=LAS  \\$aW2003-0365$b00$c20200305$lBLL01$h1101

