=LDR  02512 am a22006257a 4500
=001  018338420
=003  Uk
=005  20170106043154.0
=006  m\\\\\o\\d\\\\\\\\
=007  cr\|||||||||||
=008  100630s1963\\\\ja\ab\\\o\\\\\000\0\jpn\d
=FMT  \\$a  BK
=019  \\$a297649089
=035  \\$a(OCoLC)645451307$z(OCoLC)297649089
=040  \\$aOCLCE$beng$cOCLCE$dOCLCQ$dOCLCO$dOCLCQ$dCUS$dOCLCF$dYUS$dOCLCO$dYUS$dOCLCO$dOCL$dOCLCQ$dYUS$dOCLCO$dUk$epn
=041  1\$ajpn$heng
=042  \\$adlr
=043  \\$ama-----
=050  \4$aDS68.4.L45$bG7 1963
=100  1\$aGraves, Robert,$d1895-1985.
=240  10$aLawrence and the Arabs.$lJapanese
=245  10$6880-01$aArabia no Rorensu /$cR. Gurēvuzu ; Ono Shinobu yaku.
=250  \\$6880-02$aShohan.
=260  \\$6880-03$aTōkyō :$bHeibonsha,$c1963.
=300  \\$a1 online resource (335 pages) :$billustrations, maps.
=336  \\$atext$btxt$2rdacontent
=337  \\$acomputer$bc$2rdamedia
=338  \\$aonline resource$bcr$2rdacarrier
=490  1\$6880-04$aTōyō bunko ;$v5
=588  0\$aPrint version record.
=600  10$aLawrence, T. E.$q(Thomas Edward),$d1888-1935.
=600  17$aLawrence, T. E.$q(Thomas Edward),$d1888-1935$2fast$0(OCoLC)fst00041713
=611  27$aWorld War (1914-1918)$2fast$0(OCoLC)fst01180746
=648  \7$a1914-1918$2fast
=650  \0$aWorld War, 1914-1918$xCampaigns$zArab countries.
=650  \7$aMilitary campaigns.$2fast$0(OCoLC)fst01710190
=651  \7$aArab countries.$2fast$0(OCoLC)fst01240128
=773  0\$tJapanKnowledge
=776  08$iPrint version:$aGraves, Robert, 1895-1985.$sLawrence and the Arabs. Japanese.$tArabia no Rorensu.$bShohan.$dTōkyō : Heibonsha, 1963
=830  \0$6880-05$aTōyō bunko$v5.
=856  40$3JapanKnowledge$uhttp://japanknowledge.com/lib/display/?lid=80010V0005P0002$yJapanKnowledge Lib
=880  10$6245-01/{dollar}1$aアラビアのロレンス /$cR. グレ-ヴズ ; 小野忍訳.
=880  \\$6250-02/{dollar}1$a初版.
=880  \\$6260-03/{dollar}1$a東京 :$b平凡社,$c1963.
=880  1\$6490-04/{dollar}1$a東洋文庫 ;$v5
=880  1\$6700-00/{dollar}1$a小野忍,$d1906-1980.
=880  \0$6830-05/{dollar}1$a東洋文庫 ;$v5.
=859  \\$aORR$bJapanKnowledge
=CAT  \\$aW1704-1242$b00$c20170509$lBLL01$h0927
=CAT  \\$aBATCH-UPD$b00$c20170509$lBLL01$h0937
=CAT  \\$aW2003-0365$c20200305$lBLL01$h1101
=FIN  \\$aY$d20170509
=SID  \\$aZ30$bOCLC
=SRC  \\$aJapanKnowledge_2017$bJK_OCLC20170203.mrc
=LAS  \\$aW2003-0365$b00$c20200305$lBLL01$h1101

