=LDR  03066 am a22007217a 4500
=001  018338421
=003  Uk
=005  20170106043154.0
=006  m\\\\\o\\d\\\\\\\\
=007  cr\|||||||||||
=008  100630m19701971ja\ab\\\ob\\\\001\0\jpn\d
=FMT  \\$a  BK
=019  \\$a297308759
=035  \\$a(OCoLC)645373825$z(OCoLC)297308759
=040  \\$aOCLCE$beng$cOCLCE$dOCLCQ$dOCLCO$dOCLCA$dOCLCF$dCUS$dYUS$dOCLCO$dYUS$dOCLCO$dOCLCQ$dYUS$dOCLCO$dUk$epn
=041  1\$ajpn$heng$hita
=042  \\$adlr
=043  \\$aa------
=050  \4$aG370.P9$bP6716 1970
=100  1\$aPolo, Marco,$d1254-1323?.
=240  10$aTravels of Marco Polo.$lJapanese
=245  10$6880-01$aTōhō kenbunroku /$cMaruko Pōlo cho ; Otagi Matsuo yakuchū.
=250  \\$6880-02$aShohan.
=260  \\$6880-03$aTōkyō :$bHeibonsha,$cShōwa 45-46 [1970-1971]
=300  \\$a1 online resource (2 volumes) :$billustrations (some color), maps.
=336  \\$atext$btxt$2rdacontent
=337  \\$acomputer$bc$2rdamedia
=338  \\$aonline resource$bcr$2rdacarrier
=490  1\$6880-04$aTōyō bunko ;$v158, 183
=504  \\$aIncludes bibliographical references (pages 335-350 in v. 2) and index in v. 2.
=588  0\$aPrint version record.
=650  \0$aMongols$xHistory.
=650  \0$aVoyages and travels.
=650  \7$aMongols.$2fast$0(OCoLC)fst01025421
=650  \7$aTravel.$2fast$0(OCoLC)fst01155558
=650  \7$aVoyages and travels.$2fast$0(OCoLC)fst01169308
=651  \0$aAsia$xDescription and travel.
=651  \7$aAsia.$2fast$0(OCoLC)fst01240495
=655  \7$aHistory.$2fast$0(OCoLC)fst01411628
=700  1\$6880-05$aOtagi, Matsuo,$d1912-2004
=700  1\$aBenedetto, Luigi Foscolo,$d1886-1966.
=700  1\$aRicci, Aldo,$d1893-1930.
=700  1\$aRoss, E. Denison$q(Edward Denison),$cSir,$d1871-1940.
=773  0\$tJapanKnowledge
=776  08$iPrint version:$aPolo, Marco, 1254-1323?.$sTravels of Marco Polo. Japanese.$tTōhō kenbunroku.$bShohan.$dTōkyō : Heibonsha, Shōwa 45-46 [1970-1971]
=830  \0$6880-06$aTōyō bunko$v158, etc.
=856  40$3JapanKnowledge Volume 1$uhttp://japanknowledge.com/lib/display/?lid=80010V0158P0003$yJapanKnowledge Lib
=856  40$3JapanKnowledge Volume 2$uhttp://japanknowledge.com/lib/display/?lid=80010V0183P0002$yJapanKnowledge Lib
=880  10$6245-01/{dollar}1$a東方見聞錄 /$cマルコ. ポーロ著 ; 愛宕松男訳注.
=880  \\$6250-02/{dollar}1$a初版.
=880  \\$6260-03/{dollar}1$a東京 :$b平凡社,$c昭和45-46 [1970-1971]
=880  1\$6490-04/{dollar}1$a東洋文庫 ;$v158, 183
=880  1\$6700-05/{dollar}1$a愛宕松男,$d1912-2004.
=880  \0$6830-06/{dollar}1$a東洋文庫 ;$v158, etc.
=859  \\$aORR$bJapanKnowledge
=CAT  \\$aW1704-1242$b00$c20170509$lBLL01$h0927
=CAT  \\$aBATCH-UPD$b00$c20170509$lBLL01$h0937
=CAT  \\$aBATCH-UPD$b00$c20200111$lBLL01$h1722
=CAT  \\$aW2003-0365$c20200305$lBLL01$h1101
=FIN  \\$aY$d20170509
=SID  \\$aZ30$bOCLC
=SRC  \\$aJapanKnowledge_2017$bJK_OCLC20170203.mrc
=LAS  \\$aW2003-0365$b00$c20200305$lBLL01$h1101

