=LDR  03103 am a22007457a 4500
=001  018338422
=003  Uk
=005  20170106043155.0
=006  m\\\\\o\\d\\\\\\\\
=007  cr\|||||||||||
=008  111025s1995\\\\ja\ab\\\ob\\\\000\0ajpn\d
=FMT  \\$a  BK
=020  \\$z4582805957
=020  \\$z9784582805956
=035  \\$a(OCoLC)758484674
=040  \\$aOCLCE$beng$cOCLCE$dCUS$dOCLCQ$dOCLCF$dYUS$dOCLCO$dYUS$dOCLCO$dOCLCQ$dYUS$dOCLCO$dUk$epn
=043  \\$aa-ja---
=050  \4$aHE569.K386$bA34 1995
=100  1\$6880-01$aKawato, Jindai,$d1807-1872
=245  10$6880-02$aKawato Jindai ichidaiki :$bKitamae sendō no bakumatsu jijoden /$cMorooka Sukeyuki henchū ; Morooka Emiko yaku.
=246  30$6880-03$aKitamae sendō no bakumatsu jijoden
=250  \\$6880-04$aShohan.
=260  \\$6880-05$aTōkyō :$bHeibonsha,$c1995.
=300  \\$a1 online resource (421 pages) :$billustrations, maps.
=336  \\$atext$btxt$2rdacontent
=337  \\$acomputer$bc$2rdamedia
=338  \\$aonline resource$bcr$2rdacarrier
=490  1\$6880-06$aTōyō Bunko ;$v595
=504  \\$aIncludes bibliographical references.
=588  0\$aPrint version record.
=600  10$6880-07$aKawato, Jindai,$d1807-1872
=600  17$aKawato, Jindai,$d1807-1872$2fast$0(OCoLC)fst00091653
=650  \0$aCoastwise shipping$zJapan$zHokuriku Region$xHistory.
=650  \0$aShip captains$zJapan$vBiography.
=650  \7$aCoastwise shipping.$2fast$0(OCoLC)fst00865833
=650  \7$aShip captains.$2fast$0(OCoLC)fst01116147
=651  \7$aJapan$zHokuriku Region.$2fast$0(OCoLC)fst01242326
=651  \7$aJapan.$2fast$0(OCoLC)fst01204082
=655  \7$aBiography.$2fast$0(OCoLC)fst01423686
=655  \7$aHistory.$2fast$0(OCoLC)fst01411628
=700  1\$6880-08$aMorooka, Sukeyuki.
=700  1\$6880-09$aMorooka, Emiko.
=773  0\$tJapanKnowledge
=776  08$iPrint version: Kawato, Jindai, 1807-1872.$tKawato Jindai ichidaiki.$bShohan.$dTōkyō : Heibonsha, 1995$z4582805957
=830  \0$6880-10$aTōyō bunko$v595.
=856  40$3JapanKnowledge$uhttp://japanknowledge.com/lib/display/?lid=80010V0595P0002$yJapanKnowledge Lib
=880  1\$6100-01/{dollar}1$a川渡甚太夫,$d1807-1872.
=880  10$6245-02/{dollar}1$a川渡甚太夫一代記 :$b北前船頭の幕末自叙伝 /$c師岡佑行編注 : 師岡笑子訳.
=880  30$6246-03/{dollar}1$a北前船頭の幕末自叙伝
=880  \\$6250-04/{dollar}1$a初版.
=880  \\$6260-05/{dollar}1$a東京 :$b平凡社,$c1995.
=880  1\$6490-06/{dollar}1$a東洋文庫 ;$v595
=880  14$6600-07/{dollar}1$a川渡甚太夫,$d1807-1872.
=880  1\$6700-08/{dollar}1$a師岡佑行.
=880  1\$6700-09/{dollar}1$a師岡笑子.
=880  \0$6830-10/{dollar}1$a東洋文庫 ;$v595.
=859  \\$aORR$bJapanKnowledge
=CAT  \\$aW1704-1242$b00$c20170509$lBLL01$h0927
=CAT  \\$aBATCH-UPD$b00$c20170509$lBLL01$h0937
=CAT  \\$aBATCH-UPD$b00$c20170509$lBLL01$h0940
=CAT  \\$aW2003-0365$c20200305$lBLL01$h1101
=FIN  \\$aY$d20170509
=SID  \\$aZ30$bOCLC
=SRC  \\$aJapanKnowledge_2017$bJK_OCLC20170203.mrc
=LAS  \\$aW2003-0365$b00$c20200305$lBLL01$h1101

