=LDR  02431 am a22006377  4500
=001  018338423
=003  Uk
=005  20170106043155.0
=006  m\\\\\o\\d\\\\\\\\
=007  cr\un|||||||||
=008  090202s1973\\\\ja\\\\\\o\\\\\000\0ajpn\d
=FMT  \\$a  BK
=019  \\$a645405038
=020  \\$z4582802346
=020  \\$z9784582802344
=035  \\$a(OCoLC)301282070$z(OCoLC)645405038
=040  \\$aOCLCE$beng$cOCLCE$dOCLCQ$dCUS$dOCLCQ$dOCLCO$dOCLCQ$dOCLCF$dYUS$dOCLCO$dYUS$dOCLCO$dOCLCQ$dYUS$dOCLCO$dUk$epn
=041  1\$ajpn$hkor
=042  \\$adlr
=050  \4$aDS916.5.K48$bA316 1973
=084  \\$a289.2$2njb
=100  1\$6880-01$aKim, Ku,$d1876-1949
=240  10$6880-02$aPaekpŏm ilchi.$lJapanese
=245  10$6880-03$aHakuhan isshi$bKin Ku jijoden,$cKajimura Hideki yakuchū.
=250  \\$6880-04$aShohan.
=260  \\$6880-05$aTōkyō,$bHeibonsha,$cShōwa 48 (1973)
=300  \\$a1 online resource (346 pages).
=336  \\$atext$btxt$2rdacontent
=337  \\$acomputer$bc$2rdamedia
=338  \\$aonline resource$bcr$2rdacarrier
=490  1\$6880-06$aTōyō bunko,$v234
=588  0\$aPrint version record.
=600  10$6880-07$aKim, Ku,$d1876-1949
=600  17$aKim, Ku,$d1876-1949$2fast$0(OCoLC)fst00067995
=773  0\$tJapanKnowledge
=776  08$iPrint version:$aKim, Ku, 1876-1949.$sPaekpŏm ilchi. Japanese.$tHakuhan isshi.$dTōkyō, Heibonsha, Shōwa 48 (1973)
=830  \0$6880-08$aTōyō bunko$v234.
=856  40$3JapanKnowledge$uhttp://japanknowledge.com/lib/display/?lid=80010V0234P0003$yJapanKnowledge Lib
=880  1\$6100-01/{dollar}1$a金九,$d1876-1949.
=880  10$6240-02/{dollar}1$a白凡逸志.$lJapanese
=880  10$6245-03/{dollar}1$a白凡逸志 ;$b金九自叙伝,$c梶村秀樹訳注.
=880  \\$6250-04/{dollar}1$a初版.
=880  \\$6260-05/{dollar}1$a東京,$b平凡社,$c昭和48 (1973)
=880  1\$6490-06/{dollar}1$a東洋文庫,$v234
=880  14$6600-07/{dollar}1$a金九,$d1876-1949.
=880  1\$6700-00/{dollar}1$a金九,$d1876-1949.
=880  1\$6700-00/{dollar}1$a梶村秀樹,$d1935-1989.
=880  \0$6830-08/{dollar}1$a東洋文庫 ;$v234.
=859  \\$aORR$bJapanKnowledge
=CAT  \\$aW1704-1242$b00$c20170509$lBLL01$h0927
=CAT  \\$aBATCH-UPD$b00$c20170509$lBLL01$h0937
=CAT  \\$aW2003-0365$c20200305$lBLL01$h1101
=FIN  \\$aY$d20170509
=SID  \\$aZ30$bOCLC
=SRC  \\$aJapanKnowledge_2017$bJK_OCLC20170203.mrc
=LAS  \\$aW2003-0365$b00$c20200305$lBLL01$h1101

