=LDR  02103 am a22005654i 4500
=001  018338424
=003  Uk
=005  20170106043156.0
=006  m\\\\\o\\d\\\\\\\\
=007  cr\|||||||||||
=008  151113s1987\\\\ja\\\\\go\\\\\000\0\jpnod
=FMT  \\$a  BK
=020  \\$z456005682X
=020  \\$z9784560056820
=035  \\$a(OCoLC)929031424
=040  \\$aCNEAL$beng$cYUS$dOCLCO$dYUS$dOCLCO$dOCLCF$dUk$erda$epn
=041  1\$ajpn$hfre
=050  \4$aTX406$b.G89165 1987
=100  1\$aGuyot, A.-L.$q(A.-Lucien),$d1901-$eauthor.
=240  10$aÉpices.$lJapanese
=245  10$6880-01$aKōshinryō no sekaishi /$cRyushian Gyuyo cho ; Ikezaki Ichirō ... [et al.] yaku.
=264  \1$6880-02$aTōkyō :$bHakusuisha,$c1987.
=300  \\$a1 online resource.
=336  \\$atext$btxt$2rdacontent
=337  \\$acomputer$bc$2rdamedia
=338  \\$aonline resource$bcr$2rdacarrier
=490  1\$6880-03$aBunko kuseju ;$v682
=500  \\$aTranslation of: Les ̌pices.
=588  \\$aDescription based on print version.
=650  \0$aSpices$xHistory.
=650  \7$aSpices.$2fast$0(OCoLC)fst01129725
=655  \7$aHistory.$2fast$0(OCoLC)fst01411628
=700  1\$6880-04$aIkezaki, Ichirō.
=773  0\$tJapanKnowledge
=776  08$iPrint version:$tKōshinryō no sekaishi
=830  \0$6880-05$aBunko kuseju$v682.
=856  40$3JapanKnowledge$uhttp://japanknowledge.com/lib/display/?lid=8021006820000$yJapanKnowledge Lib
=880  10$6245-01/{dollar}1$a香辛料の世界史 /$cリュシアン・ギュイヨ著 ; 池崎一郎 ... [et al.] 訳
=880  \1$6264-02/{dollar}1$a東京 :$b白水社,$c1987.
=880  1\$6490-03/{dollar}1$a文庫クセジュ ;$v682
=880  1\$6700-04/{dollar}1$a池崎一郎
=880  \0$6830-05/{dollar}1$a文庫クセジュ ;$v682.
=859  \\$aORR$bJapanKnowledge
=CAT  \\$aW1704-1242$b00$c20170509$lBLL01$h0927
=CAT  \\$aBATCH-UPD$b00$c20170509$lBLL01$h0937
=CAT  \\$aW2003-0365$c20200305$lBLL01$h1101
=FIN  \\$aY$d20170509
=SID  \\$aZ30$bOCLC
=SRC  \\$aJapanKnowledge_2017$bJK_OCLC20170203.mrc
=LAS  \\$aW2003-0365$b00$c20200305$lBLL01$h1101

