=LDR  02233 am a22005774i 4500
=001  018338425
=003  Uk
=005  20170106043156.0
=006  m\\\\\o\\d\\\\\\\\
=007  cr\|||||||||||
=008  151113s1987\\\\ja\\\\\go\\\\\000\0\jpn\d
=FMT  \\$a  BK
=020  \\$z4560056846
=020  \\$z9784560056844
=035  \\$a(OCoLC)929030806
=040  \\$aYUS$beng$cYUS$dOCLCO$dYUS$dOCLCO$dOCLCF$dUk$erda$epn
=041  1\$ajpn$hfre
=245  00$6880-01$aGarikanisumu :$bFuransu ni okeru kokka to kyōkai /$cEme Joruju Marutimōru cho ; Asakura Katashi, Haga Kenji kyōyaku.
=264  \1$aTōkyō :$bHakusuisha,$c1987.
=300  \\$a1 online resource.
=336  \\$atext$btxt$2rdacontent
=337  \\$acomputer$bc$2rdamedia
=338  \\$aonline resource$bcr$2rdacarrier
=490  1\$6880-02$aBunko kuseju ;$v684
=588  \\$aDescription based on print version.
=650  \0$aGallicanism.
=650  \7$aGallicanism.$2fast$0(OCoLC)fst00937256
=700  1\$aMartimort, Aimé Georges.
=700  1\$6880-03$aAsakura, Katashi,$d1926-
=700  1\$6880-04$aHaga, Kenji,$d1948-
=740  0\$aLe gallicanisme.
=773  0\$tJapanKnowledge
=776  08$iPrint version:$tGarikanisumu.
=830  \0$6880-05$aBunko kuseju$v684.
=856  40$3JapanKnowledge$uhttp://japanknowledge.com/lib/display/?lid=8021006840000$yJapanKnowledge Lib
=880  00$6245-01/{dollar}1$aガリカニスム :$bフランスにおける国家と教会 /$cエメ=ジョルジュ・マルティモール著 ; 朝倉剛, 羽賀賢二共訳.
=880  \1$6264-00/{dollar}1$a東京 :$b白水社,$c1987.
=880  1\$6490-02/{dollar}1$a文庫クセジュ ;$v684
=880  1\$6700-03/{dollar}1$a朝倉剛,$d1926-
=880  1\$6700-04/{dollar}1$a羽賀賢二,$d1948-
=880  \0$6830-05/{dollar}1$a文庫クセジュ ;$v684.
=859  \\$aORR$bJapanKnowledge
=CAT  \\$aW1704-1242$b00$c20170509$lBLL01$h0927
=CAT  \\$aBATCH-UPD$b00$c20170509$lBLL01$h0937
=CAT  \\$aBATCH-UPD$b00$c20170509$lBLL01$h0940
=CAT  \\$aW2003-0365$c20200305$lBLL01$h1101
=CAT  \\$aBATCH-UPD$b00$c20210917$lBLL01$h2118
=FIN  \\$aY$d20170509
=SID  \\$aZ30$bOCLC
=SRC  \\$aJapanKnowledge_2017$bJK_OCLC20170203.mrc
=LAS  \\$aBATCH-UPD$b00$c20210917$lBLL01$h2118

