=LDR  02034 am a22005414i 4500
=001  018338426
=003  Uk
=005  20170106043156.0
=006  m\\\\\o\\d\\\\\\\\
=007  cr\|||||||||||
=008  151214s2007\\\\ja\\\\\\\\\\\\000\0\jpn\d
=FMT  \\$a  BK
=020  \\$z9784560509159
=020  \\$z4560509158
=035  \\$a(OCoLC)932129239
=040  \\$aYUS$beng$cYUS$dOCLCO$dOCLCF$dUk$erda$epn
=041  1\$ajpn$hfre
=050  \4$aDT92.7
=100  1\$aSchwentzel, Christian-Georges,$eauthor.
=240  10$aCleopatre.$lJapanese
=245  10$6880-01$aKureopatora /$cKurisutian Joruju Shuentseru cho ; Kitano Tōru yaku.
=264  \1$6880-02$bHakusuisha,$c2007.
=300  \\$a1 online resource.
=336  \\$atext$btxt$2rdacontent
=337  \\$acomputer$bc$2rdamedia
=338  \\$aonline resource$bcr$2rdacarrier
=490  1\$6880-03$aBunko kuseju ;$v915
=588  \\$aDescription based on print version.
=600  00$aCleopatra,$cQueen of Egypt,$d-30 B.C.
=600  07$aCleopatra,$cQueen of Egypt,$d-30 B.C.$2fast$0(OCoLC)fst01802070
=700  1\$6880-04$aKitano, Tōru,$d1937-$etranslator.
=773  0\$tJapanKnowledge
=776  08$iPrint version:$tKureopatora.
=830  \0$6880-05$aBunko kuseju$v915.
=856  40$3JapanKnowledge$uhttp://japanknowledge.com/lib/display/?lid=8021009150000$yJapanKnowledge Lib
=880  10$6245-01/{dollar}1$aクレオパトラ /$cクリスティアン=ジョルジュ・シュエンツェル著 ; 北野徹訳.
=880  \1$6264-02/{dollar}1$a東京 :$b白水社,$c2007.
=880  1\$6490-03/{dollar}1$a文庫クセジュ ;$v915
=880  1\$6700-04/{dollar}1$a北野徹,$d1937-$etranslator.
=880  \0$6830-05/{dollar}1$a文庫クセジュ ;$v915.
=859  \\$aORR$bJapanKnowledge
=CAT  \\$aW1704-1242$b00$c20170509$lBLL01$h0927
=CAT  \\$aBATCH-UPD$b00$c20170509$lBLL01$h0937
=CAT  \\$aW2003-0365$c20200305$lBLL01$h1101
=FIN  \\$aY$d20170509
=SID  \\$aZ30$bOCLC
=SRC  \\$aJapanKnowledge_2017$bJK_OCLC20170203.mrc
=LAS  \\$aW2003-0365$b00$c20200305$lBLL01$h1101

