=LDR  02356 am a22006134i 4500
=001  018338427
=003  Uk
=005  20170106043156.0
=006  m\\\\\o\\d\\\\\\\\
=007  cr\|||||||||||
=008  151113s1992\\\\ja\\\\\\ob\\\\000\0\jpn\d
=FMT  \\$a  BK
=020  \\$z456005732X
=020  \\$z9784560057322
=035  \\$a(OCoLC)929028661
=040  \\$aWTU$beng$cYUS$dOCLCO$dYUS$dOCLCO$dOCLCF$dOCL$dUk$erda$epn
=041  1\$ajpn$hfre
=100  1\$aBluche, Frédéric,$eauthor.
=240  10$aLa révolution française.$lJapanese
=245  10$6880-01$aFuransu kakumeishi /$cF Buryushu hoka cho ; Kōda Takeshi yaku.
=264  \1$6880-02$aTōkyō :$bHakusuisha,$c1992.
=300  \\$a1 online resource.
=336  \\$atext$btxt$2rdacontent
=337  \\$acomputer$bc$2rdamedia
=338  \\$aonline resource$bcr$2rdacarrier
=490  1\$6880-03$aBunko kuseju ;$v732
=504  \\$aIncludes bibliographical references.
=588  \\$aDescription based on print version.
=611  27$aRevolution (France : 1789-1799)$2fast$0(OCoLC)fst01354514
=648  \7$a1789-1799$2fast
=651  \0$aFrance$xHistory$yRevolution, 1789-1799.
=651  \7$aFrance.$2fast$0(OCoLC)fst01204289
=655  \7$aHistory.$2fast$0(OCoLC)fst01411628
=700  1\$6880-04$aKōda, Takeshi,$etranslator.
=700  1\$aRials, Stéphane,$eauthor.
=700  1\$aTulard, Jean,$eauthor.
=700  1\$iTranslation of:$aBluche, Frédéric.$tLa révolution française.
=773  0\$tJapanKnowledge
=776  08$iPrint version:$tFuransu kakumeishi
=830  \0$6880-05$aBunko kuseju$v732.
=856  40$3JapanKnowledge$uhttp://japanknowledge.com/lib/display/?lid=8021007320000$yJapanKnowledge Lib
=880  10$6245-01/{dollar}1$aフランス革命史 /$cF.ブリュシュ他著 ; 国府田武訳.
=880  \1$6264-02/{dollar}1$a東京 :$b白水社,$c1992.
=880  1\$6490-03/{dollar}1$a文庫クセジュ ;$v732
=880  1\$6700-04/{dollar}1$a国府田武,$etranslator.
=880  \0$6830-05/{dollar}1$a文庫クセジュ ;$v732.
=859  \\$aORR$bJapanKnowledge
=CAT  \\$aW1704-1242$b00$c20170509$lBLL01$h0927
=CAT  \\$aBATCH-UPD$b00$c20170509$lBLL01$h0937
=CAT  \\$aW2003-0365$c20200305$lBLL01$h1101
=FIN  \\$aY$d20170509
=SID  \\$aZ30$bOCLC
=SRC  \\$aJapanKnowledge_2017$bJK_OCLC20170203.mrc
=LAS  \\$aW2003-0365$b00$c20200305$lBLL01$h1101

