=LDR  03750 am a22008174i 4500
=001  018338428
=003  Uk
=005  20170106043157.0
=006  m\\\\\o\\d\\\\\\\\
=007  cr\|||||||||||
=008  151112s1995\\\\ja\a\\\\o\\\\\000\1\jpn\d
=FMT  \\$a  BK
=020  \\$z4096580783
=020  \\$z9784096580783
=035  \\$a(OCoLC)928950197
=040  \\$aYUS$beng$cYUS$dOCLCO$dYUS$dOCL$dYUS$dOCLCO$dUk$erda$epn
=050  \4$aPL753$b.S55 1994 v. 78
=100  1\$6880-01,$aTsuga, Teishō,$d1718-1794?$eauthor.
=240  10$6880-02$aHanabusa-zōshi
=245  10$6880-03$aHanabusa-zōshi. Nishiyama monogatari. Ugetsu monogatari. Harusame monogatari /$ckōchū, yaku Nakamura Yukihiko, Takada Mamoru, Nakamura Hiroyasu.
=264  \1$6880-04$aTōkyō :$bShōgakkan,$c1995.
=300  \\$a1 online resource.
=336  \\$atext$btxt$2rdacontent
=337  \\$acomputer$bc$2rdamedia
=338  \\$aonline resource$bcr$2rdacarrier
=490  1\$6880-05$aShinpen Nihon koten bungaku zenshū ;$v78
=588  \\$aDescription based on print version.
=648  \7$a1600-1868$2fast
=650  \0$aJapanese fiction$yEdo period, 1600-1868.
=650  \7$aJapanese fiction$xEdo period.$2fast$0(OCoLC)fst01710981
=700  1\$6880-06$aNakamura, Yukihiko,$d1911-1998
=700  1\$6880-07$aTakada, Mamoru,$d1930-
=700  1\$6880-08$aNakamura, Hiroyasu,$d1932-1997
=700  12$6880-09.$aTakebe, Ayatari,$d1719-1774$tNishiyama monogatari.
=700  12$6880-10.$aUeda, Akinari,$d1734-1809$tUgetsu monogatari.
=700  12$6880-11.$aUeda, Akinari,$d1734-1809$tHarusame monogatari.
=740  02$6880-12$aNishiyama monogatari.
=740  02$6880-13$aUgetsu monogatari.
=740  02$6880-14$aHarusame monogatari.
=773  0\$tJapanKnowledge
=776  08$iPrint version:$tHanabusa-zōshi. Nishiyama monogatari. Ugetsu monogatari. Harusame monogatari
=830  \0$6880-15$aShinpen Nihon koten bungaku zenshū$v78.
=856  40$3JapanKnowledge Volume 4$uhttp://japanknowledge.com/lib/display/?lid=80110V00780415$yJapanKnowledge Lib
=856  40$3JapanKnowledge Volume 1$uhttp://japanknowledge.com/lib/display/?lid=80110V00780013$yJapanKnowledge Lib
=856  40$3JapanKnowledge Volume 2$uhttp://japanknowledge.com/lib/display/?lid=80110V00780191$yJapanKnowledge Lib
=856  40$3JapanKnowledge Volume 3$uhttp://japanknowledge.com/lib/display/?lid=80110V00780269$yJapanKnowledge Lib
=880  1\$6100-01/{dollar}1$a都賀庭鐘,$d1718-1794?,$eauthor
=880  10$6240-02/{dollar}1$a英草紙
=880  10$6245-03/{dollar}1$a英草紙・西山物語・雨月物語・春雨物語 /$c校注・訳中村幸彥, 高田衛, 中村博保.
=880  \1$6264-04/{dollar}1$a東京 :$b小学館,$c1995.
=880  1\$6490-05/{dollar}1$a新編日本古典文学全集 ;$v78
=880  1\$6700-06/{dollar}1$a中村幸彥,$d1911-1998.
=880  1\$6700-07/{dollar}1$a高田衛,$d1930-
=880  1\$6700-08/{dollar}1$a中村博保,$d1932-
=880  12$6700-09/{dollar}1$a建部綾足,$d1719-1774.$t西山物語.
=880  12$6700-10/{dollar}1$a上田秋成,$d1734-1809.$t雨月物語.
=880  12$6700-11/{dollar}1$a上田秋成,$d1734-1809.$t春雨物語.
=880  02$6740-12/{dollar}1$a西山物語.
=880  02$6740-13/{dollar}1$a雨月物語.
=880  02$6740-14/{dollar}1$a春雨物語.
=880  \0$6830-15/{dollar}1$a新編日本古典文学全集 ;$v78.
=859  \\$aORR$bJapanKnowledge
=CAT  \\$aW1704-1242$b00$c20170509$lBLL01$h0927
=CAT  \\$aBATCH-UPD$b00$c20170509$lBLL01$h0937
=CAT  \\$aBATCH-UPD$b00$c20170509$lBLL01$h0940
=CAT  \\$aW2003-0365$c20200305$lBLL01$h1101
=CAT  \\$aBATCH-UPD$b00$c20200918$lBLL01$h2045
=FIN  \\$aY$d20170509
=SID  \\$aZ30$bOCLC
=SRC  \\$aJapanKnowledge_2017$bJK_OCLC20170203.mrc
=LAS  \\$aBATCH-UPD$b00$c20200918$lBLL01$h2045

