=LDR  02145 am a22005774i 4500
=001  018338429
=003  Uk
=005  20170106043157.0
=006  m\\\\\o\\d\\\\\\\\
=007  cr\|||||||||||
=008  151113s1958\\\\ja\\\\\\ob\\\\000\0\jpn\d
=FMT  \\$a  BK
=020  \\$z456005245X
=020  \\$z9784560052457
=035  \\$a(OCoLC)929031186
=040  \\$aCNEAL$beng$cYUS$dOCLCO$dYUS$dOCLCO$dUk$erda$epn
=041  1\$ajpn$hfre
=050  \4$aDC146.R6$bB68167 1958
=100  1\$aBouloiseau, Marc,$eauthor.
=245  10$6880-01$aRobesupiēru /$cMaruku Būrowazō cho ; Chizuka Tadami yaku.
=264  \1$6880-02$aTōkyō :$bHakusuisha,$c1958.
=300  \\$a1 online resource.
=336  \\$atext$btxt$2rdacontent
=337  \\$acomputer$bc$2rdamedia
=338  \\$aonline resource$bcr$2rdacarrier
=490  1\$6880-03$aBunko kuseju ;$v245
=504  \\$aIncludes bibliographical references.
=588  \\$aDescription based on print version.
=600  10$aRobespierre, Maximilien,$d1758-1794.
=600  17$aRobespierre, Maximilien,$d1758-1794$2fast$0(OCoLC)fst00018717
=650  \0$aStatesmen$zFrance$vBiography.
=700  1\$6880-04$aChizuka, Tadami,$d1932-
=730  0\$aRobespierre.
=773  0\$tJapanKnowledge
=776  08$iPrint version:$tRobesupiēru
=830  \0$6880-05$aBunko kuseju$v245.
=856  40$3JapanKnowledge$uhttp://japanknowledge.com/lib/display/?lid=8021002450000$yJapanKnowledge Lib
=880  10$6245-01/{dollar}1$aロベスピエール /$cマルク・ブゥロワゾォ著 ; 遅塚忠覬訳.
=880  \1$6264-02/{dollar}1$a東京 :$b白水社,$c1958.
=880  1\$6490-03/{dollar}1$a文庫クセジュ ;$v245
=880  1\$6700-04/{dollar}1$a遅塚忠覬,$d1932-
=880  \0$6830-05/{dollar}1$a文庫クセジュ ;$v245.
=859  \\$aORR$bJapanKnowledge
=CAT  \\$aW1704-1242$b00$c20170509$lBLL01$h0927
=CAT  \\$aBATCH-UPD$b00$c20170509$lBLL01$h0937
=CAT  \\$aBATCH-UPD$b00$c20170509$lBLL01$h0940
=CAT  \\$aW2003-0365$c20200305$lBLL01$h1101
=FIN  \\$aY$d20170509
=SID  \\$aZ30$bOCLC
=SRC  \\$aJapanKnowledge_2017$bJK_OCLC20170203.mrc
=LAS  \\$aW2003-0365$b00$c20200305$lBLL01$h1101

