=LDR  02289 am a22005777i 4500
=001  018338430
=003  Uk
=005  20170106043157.0
=006  m\\\\\o\\d\\\\\\\\
=007  cr\|||||||||||
=008  100626s1978\\\\ja\a\\\\o\\\\\000\0\jpn\d
=FMT  \\$a  BK
=019  \\$a301281257
=035  \\$a(OCoLC)643773399$z(OCoLC)301281257
=040  \\$aOCLCE$beng$cOCLCE$dCUS$dOCLCQ$dOCLCF$dYUS$dOCLCO$dYUS$dOCLCO$dOCLCQ$dYUS$dOCLCO$dUk$epn
=042  \\$adlr
=050  \4$aAC145$b.T75 v.335
=100  1\$6880-01$aKadowaki, Yoshio,$d1934-
=245  10$6880-02$aZoku Tsumu ya tsumazaru ya :$bkoten tsumeshōgi no keifu /$cKadowaki Yoshio hen.
=250  \\$6880-03$aShohan.
=260  \\$6880-04$aTōkyō :$bHeibonsha,$cShōwa 53 [1978]
=300  \\$a1 online resource (v, 316 pages) :$billustrations.
=336  \\$atext$btxt$2rdacontent
=337  \\$acomputer$bc$2rdamedia
=338  \\$aonline resource$bcr$2rdacarrier
=490  1\$6880-05$aTōyō bunko ;$v335
=588  0\$aPrint version record.
=650  \0$aShogi problems.
=650  \7$aShogi problems.$2fast$0(OCoLC)fst01116797
=740  0\$6880-06$aTsumu ya tsumazaru ya.
=773  0\$tJapanKnowledge
=776  08$iPrint version:$aKadowaki, Yoshio, 1934-$tZoku Tsumu ya tsumazaru ya.$dTōkyō : Heibonsha, Shōwa 53 [1978]
=830  \0$6880-07$aTōyō bunko$v335.
=856  40$3JapanKnowledge$uhttp://japanknowledge.com/lib/display/?lid=80010V0335P0002$yJapanKnowledge Lib
=880  1\$6100-01/{dollar}1$a門脇芳雄,$d1934-
=880  10$6245-02/{dollar}1$a続詰むや詰まざるや :$b古典詰将棋の系譜 /$c門脇芳雄編.
=880  \\$6250-03/{dollar}1$a初版.
=880  \\$6260-04/{dollar}1$a東京 :$b平凡社,$c昭和53 [1978]
=880  10$6240-00/{dollar}1$a将棋無双
=880  1\$6490-05/{dollar}1$a東洋文庫 ;$v335
=880  0\$6740-06/{dollar}1$a詰むや詰まざるや.
=880  1\$6700-00/{dollar}1$a伊藤宗看,$d1706-1761.
=880  \0$6830-07/{dollar}1$a東洋文庫 ;$v335.
=859  \\$aORR$bJapanKnowledge
=CAT  \\$aW1704-1242$b00$c20170509$lBLL01$h0927
=CAT  \\$aBATCH-UPD$b00$c20170509$lBLL01$h0937
=CAT  \\$aW2003-0365$c20200305$lBLL01$h1101
=FIN  \\$aY$d20170509
=SID  \\$aZ30$bOCLC
=SRC  \\$aJapanKnowledge_2017$bJK_OCLC20170203.mrc
=LAS  \\$aW2003-0365$b00$c20200305$lBLL01$h1101

