=LDR  02563 am a22006137i 4500
=001  018338431
=003  Uk
=005  20190204105327.0
=006  m\\\\\o\\d\\\\\\\\
=007  cr\|||||||||||
=008  101112s1976\\\\ja\\\\\\o\\\\\000\0\jpn\d
=FMT  \\$a  BK
=019  \\$a300857815$a644089059
=035  \\$a(OCoLC)681195861$z(OCoLC)300857815$z(OCoLC)644089059
=040  \\$aOCLCE$beng$cOCLCE$dOCLCQ$dCUS$dOCLCQ$dOCLCO$dOCLCQ$dOCLCF$dYUS$dOCLCO$dYUS$dOCLCO$dOCLCQ$dYUS$dOCLCO$dUk$epn
=042  \\$adlr
=043  \\$aa-ja---
=050  \4$aDS821$b.H39816 1976
=100  1\$aHearn, Lafcadio,$d1850-1904.
=240  10$aJapan, an attempt at interpretation.$lJapanese
=245  10$6880-01$aShinkoku Nihon :$bkaimei e no ichi shiron /$cRafukadēo Hān [cho] ; Kashiwakura Shunzō yakuchū.
=250  \\$6880-02$aShohan.
=260  \\$6880-03$aTōkyō :$bHeibonsha,$cShōwa 51 [1976]
=300  \\$a1 online resource (iv, 453 pages).
=336  \\$atext$btxt$2rdacontent
=337  \\$acomputer$bc$2rdamedia
=338  \\$aonline resource$bcr$2rdacarrier
=490  1\$6880-04$aTōyō bunko ;$v292
=588  0\$aPrint version record.
=650  \7$aCivilization.$2fast$0(OCoLC)fst00862898
=651  \0$aJapan$xCivilization.
=651  \7$aJapan.$2fast$0(OCoLC)fst01204082
=700  1\$6880-05$aKashiwakura, Shunzō,$d1898-1996
=773  0\$tJapanKnowledge
=776  08$iPrint version:$aHearn, Lafcadio, 1850-1904.$sJapan, an attempt at interpretation. Japanese.$tShinkoku Nihon.$dTōkyō : Heibonsha, Shōwa 51 [1976]
=830  \0$6880-06$aTōyō bunko$v292.
=856  40$3JapanKnowledge$uhttp://japanknowledge.com/lib/display/?lid=80010V0292P0002$yJapanKnowledge Lib
=880  10$6245-01/{dollar}1$a神国日本 :$b解明への一試論 /$cラフカディオ・ハーン[著] ; 柏倉俊三訳注.
=880  \\$6250-02/{dollar}1$a初版.
=880  \\$6260-03/{dollar}1$a東京 :$b平凡社,$c昭和51 [1976]
=880  1\$6490-04/{dollar}1$a東洋文庫 ;$v292
=880  1\$6700-05/{dollar}1$a柏倉俊三,$d1898-
=880  \0$6830-06/{dollar}1$a東洋文庫 ;$v292.
=859  \\$aORR$bJapanKnowledge
=CAT  \\$aW1704-1242$b00$c20170509$lBLL01$h0927
=CAT  \\$aBATCH-UPD$b00$c20170509$lBLL01$h0937
=CAT  \\$aBATCH-UPD$b00$c20170509$lBLL01$h0940
=CAT  \\$a9572$b40$c20190204$lBLL01$h1053
=CAT  \\$aBATCH-UPD$b40$c20190204$lBLL01$h1103
=CAT  \\$aW2003-0365$c20200305$lBLL01$h1101
=FIN  \\$aY$d20170509
=SID  \\$aZ30$bOCLC
=SRC  \\$aJapanKnowledge_2017$bJK_OCLC20170203.mrc
=LAS  \\$aW2003-0365$b00$c20200305$lBLL01$h1101

