=LDR  02310 am a22006134i 4500
=001  018338432
=003  Uk
=005  20170106043158.0
=006  m\\\\\o\\d\\\\\\\\
=007  cr\|||||||||||
=008  151113s1995\\\\ja\\\\\gob\\\\000\0\jpnod
=FMT  \\$a  BK
=020  \\$z4560057729
=020  \\$z9784560057728
=035  \\$a(OCoLC)929031457
=040  \\$aCNEAL$beng$cYUS$dOCLCO$dYUS$dOCLCO$dOCLCF$dUk$erda$epn
=041  1\$ajpn$hfre
=050  \4$aPN2621$b.D47165 1995
=100  1\$aDevaux, Patrick,$d1945-$eauthor.
=240  10$aCom̌die-Fraṅaise.$lJapanese
=245  10$6880-01$aKomedi-furansēzu /$cPatorikku Dovō cho ; Itō Hiroshi yaku.
=264  \1$6880-02$aTōkyō :$bHakusuisha,$c1995.
=300  \\$a1 online resource.
=336  \\$atext$btxt$2rdacontent
=337  \\$acomputer$bc$2rdamedia
=338  \\$aonline resource$bcr$2rdacarrier
=490  1\$6880-03$aBunko kuseju ;$v772
=500  \\$aTranslation of: La Com̌die-Fraṅaise.
=504  \\$aIncludes bibliographical references.
=588  \\$aDescription based on print version.
=610  20$aComédie-Française.
=610  27$aComédie-Française$2fast$0(OCoLC)fst00513055
=650  \0$aTheater$zFrance$xHistory.
=650  \7$aTheater.$2fast$0(OCoLC)fst01149217
=651  \7$aFrance.$2fast$0(OCoLC)fst01204289
=655  \7$aHistory.$2fast$0(OCoLC)fst01411628
=700  1\$6880-04$aItō, Hiroshi,$d1934-
=773  0\$tJapanKnowledge
=776  08$iPrint version:$tKomedi furansēzu
=830  \0$6880-05$aBunko kuseju$v772.
=856  40$3JapanKnowledge$uhttp://japanknowledge.com/lib/display/?lid=8021007720000$yJapanKnowledge Lib
=880  10$6245-01/{dollar}1$aコメディ=フランセーズ /$cパトリック・ドゥヴォー著 ; 伊藤洋訳
=880  \1$6264-02/{dollar}1$a東京 :$b白水社,$c1995.
=880  1\$6490-03/{dollar}1$a文庫クセジュ ;$v772
=880  1\$6700-04/{dollar}1$a伊藤, 洋,$d1934-
=880  \0$6830-05/{dollar}1$a文庫クセジュ ;$v772
=859  \\$aORR$bJapanKnowledge
=CAT  \\$aW1704-1242$b00$c20170509$lBLL01$h0927
=CAT  \\$aBATCH-UPD$b00$c20170509$lBLL01$h0937
=CAT  \\$aW2003-0365$c20200305$lBLL01$h1101
=FIN  \\$aY$d20170509
=SID  \\$aZ30$bOCLC
=SRC  \\$aJapanKnowledge_2017$bJK_OCLC20170203.mrc
=LAS  \\$aW2003-0365$b00$c20200305$lBLL01$h1101

