=LDR  01951 am a22005174i 4500
=001  018338433
=003  Uk
=005  20170106043159.0
=006  m\\\\\o\\d\\\\\\\\
=007  cr\|||||||||||
=008  151113s1967\\\\ja\\\\\\o\\\\\000\0\jpn\d
=FMT  \\$a  BK
=035  \\$a(OCoLC)929031198
=040  \\$aCNEAL$beng$cYUS$dOCLCO$dYUS$dOCLCO$dOCLCF$dUk$erda$epn
=041  1\$ajpn$hfre
=050  \4$aRA790$b.C56167 1967
=100  1\$aCloutier, François,$eauthor.
=245  10$6880-01$aKokoro no kenkō :$bseishin eisei /$cFuransowa Kurūche cho ; Yoshikura Norimitsu yaku.
=264  \1$6880-02$aTōkyō :$bHakusuisha,$c1967.
=300  \\$a1 online resource.
=336  \\$atext$btxt$2rdacontent
=337  \\$acomputer$bc$2rdamedia
=338  \\$aonline resource$bcr$2rdacarrier
=490  1\$6880-03$aBunko kuseju ;$v424
=588  \\$aDescription based on print version.
=650  \0$aMental health.
=650  \7$aMental health.$2fast$0(OCoLC)fst01016339
=700  1\$6880-04$aYoshikura, Norimitsu,$d1907-
=730  0\$aSanté mentale.
=773  0\$tJapanKnowledge
=776  08$iPrint version:$tKokoro no kenkō
=830  \0$6880-05$aBunko kuseju$v424.
=856  40$3JapanKnowledge$uhttp://japanknowledge.com/lib/display/?lid=8021004240000$yJapanKnowledge Lib
=880  10$6245-01/{dollar}1$a心の健康 :$b精神衛生 /$cフランソワ・クルーチエ著 ; 吉倉範光訳.
=880  \1$6264-02/{dollar}1$a東京 :$b白水社,$c1967.
=880  1\$6490-03/{dollar}1$a文庫クセジュ ;$v424
=880  1\$6700-04/{dollar}1$a吉倉範光,$d1907-
=880  \0$6830-05/{dollar}1$a文庫クセジュ ;$v424.
=859  \\$aORR$bJapanKnowledge
=CAT  \\$aW1704-1242$b00$c20170509$lBLL01$h0927
=CAT  \\$aBATCH-UPD$b00$c20170509$lBLL01$h0937
=CAT  \\$aW2003-0365$c20200305$lBLL01$h1101
=FIN  \\$aY$d20170509
=SID  \\$aZ30$bOCLC
=SRC  \\$aJapanKnowledge_2017$bJK_OCLC20170203.mrc
=LAS  \\$aW2003-0365$b00$c20200305$lBLL01$h1101

