=LDR  02053 am a22005294i 4500
=001  018338434
=003  Uk
=005  20170106043159.0
=006  m\\\\\o\\d\\\\\\\\
=007  cr\|||||||||||
=008  151113s1970\\\\ja\\\\\\ob\\\\000\0\jpn\d
=FMT  \\$a  BK
=035  \\$a(OCoLC)929029097
=040  \\$aWTU$beng$cYUS$dOCLCO$dYUS$dOCLCO$dOCLCF$dUk$erda$epn
=041  1\$ajpn$hfre
=100  1\$aBoudon, Raymond,$eauthor.
=240  10$aLes Méthodes en sociologie.$lJapanese
=245  10$6880-01$aShakaigaku no hōhō /$cReimon Budon cho ; Miyajima Takashi yaku.
=264  \1$6880-02$aTōkyō :$bHakusuisha,$c1970.
=300  \\$a1 online resource.
=336  \\$atext$btxt$2rdacontent
=337  \\$acomputer$bc$2rdamedia
=338  \\$aonline resource$bcr$2rdacarrier
=490  1\$6880-03$aBunko kuseju ;$v483
=504  \\$aIncludes bibliographical references.
=588  \\$aDescription based on print version.
=650  \0$aSociology$xMethodology.
=650  \7$aSociology$xMethodology.$2fast$0(OCoLC)fst01123900
=700  1\$6880-04,$aMiyajima, Takashi,$d1940-$etranslator.
=700  1\$iTranslation of:$aBoudon, Raymond.$tLes Méthodes en sociologie.
=773  0\$tJapanKnowledge
=776  08$iPrint version:$tShakaigaku no hōhō
=830  \0$6880-05$aBunko kuseju$v483.
=856  40$3JapanKnowledge$uhttp://japanknowledge.com/lib/display/?lid=8021004830000$yJapanKnowledge Lib
=880  10$6245-01$a社会学の方法 /$cレイモン・ブードン著 ; 宮島喬訳.
=880  \1$6264-02$a東京 :$b白水社,$c1970.
=880  1\$6490-03$a文庫クセジュ ;$v483
=880  1\$6700-04$a宮島喬,$d1940-$etranslator.
=880  \0$6830-05$a文庫クセジュ ;$v483.
=859  \\$aORR$bJapanKnowledge
=CAT  \\$aW1704-1242$b00$c20170509$lBLL01$h0927
=CAT  \\$aBATCH-UPD$b00$c20170509$lBLL01$h0937
=CAT  \\$aW2003-0365$c20200305$lBLL01$h1101
=FIN  \\$aY$d20170509
=SID  \\$aZ30$bOCLC
=SRC  \\$aJapanKnowledge_2017$bJK_OCLC20170203.mrc
=LAS  \\$aW2003-0365$b00$c20200305$lBLL01$h1101

