=LDR  02650 am a22006137a 4500
=001  018338435
=003  Uk
=005  20170106043159.0
=006  m\\\\\o\\d\\\\\\\\
=007  cr\unu---uuaua
=008  090109s1993\\\\ja\a\\\\o\\\\\000\0\jpn\d
=FMT  \\$a  BK
=035  \\$a(OCoLC)297807094
=040  \\$aOCLCE$beng$cOCLCE$dOCLCQ$dCUS$dOCLCQ$dOCLCF$dOCLCO$dYUS$dOCLCO$dYUS$dOCLCO$dOCLCQ$dYUS$dOCLCO$dUk$epn
=041  1\$ajpn$heng
=043  \\$aa-kr---
=050  \4$aDS902.3$b.B57163 1993
=100  1\$aBird, Isabella L.$q(Isabella Lucy),$d1831-1904.
=240  10$aKorea and her neighbours.$lJapanese
=245  10$6880-01$aChōsen okuchi kikō /$cIsabera Bābo ; Paku Santoku yaku.
=250  \\$6880-02$aShohan.
=260  \\$6880-03$aTōkyō :$bHeibonsha,$c1993.
=300  \\$a1 online resource (2 volumes) :$billustrations.
=336  \\$atext$btxt$2rdacontent
=337  \\$acomputer$bc$2rdamedia
=338  \\$aonline resource$bcr$2rdacarrier
=490  1\$6880-04$aTōyō bunko ;$v572, 573
=588  0\$aPrint version record.
=600  10$aBird, Isabella L.$q(Isabella Lucy),$d1831-1904$xTravel.
=600  17$aBird, Isabella L.$q(Isabella Lucy),$d1831-1904$2fast$0(OCoLC)fst00009971
=650  \7$aTravel.$2fast$0(OCoLC)fst01155558
=651  \0$aKorea$xDescription and travel.
=651  \7$aKorea.$2fast$0(OCoLC)fst01206434
=700  1\$6880-05$aPak, Sang-dŭk,$d1927-
=773  0\$tJapanKnowledge
=776  08$iPrint version:$aBird, Isabella L. (Isabella Lucy), 1831-1904.$sKorea and her neighbours. Japanese.$tChōsen okuchi kikō.$bShohan.$dTōkyō : Heibonsha, 1993$z4582805728$z9784582805727
=830  \0$6880-06$aTōyō bunko$v572, 573.
=856  40$3JapanKnowledge Volume 1$uhttp://japanknowledge.com/lib/display/?lid=80010V0572P0002$yJapanKnowledge Lib
=856  40$3JapanKnowledge Volume 2$uhttp://japanknowledge.com/lib/display/?lid=80010V0573P0002$yJapanKnowledge Lib
=880  10$6245-01/{dollar}1$a朝鮮奥地紀行 /$cイサベラ・バード ; 朴尚得訳.
=880  \\$6250-02/{dollar}1$a初版.
=880  \\$6260-03/{dollar}1$a東京 :$b平凡社,$c1993.
=880  1\$6490-04/{dollar}1$a東洋文庫 ;$v572, 573
=880  1\$6700-05/{dollar}1$a朴尚得,$d1927-
=880  \0$6830-06/{dollar}1$a東洋文庫 ;$v572, 573.
=859  \\$aORR$bJapanKnowledge
=CAT  \\$aW1704-1242$b00$c20170509$lBLL01$h0927
=CAT  \\$aBATCH-UPD$b00$c20170509$lBLL01$h0937
=CAT  \\$aBATCH-UPD$b00$c20170509$lBLL01$h0940
=CAT  \\$aW2003-0365$c20200305$lBLL01$h1101
=FIN  \\$aY$d20170509
=SID  \\$aZ30$bOCLC
=SRC  \\$aJapanKnowledge_2017$bJK_OCLC20170203.mrc
=LAS  \\$aW2003-0365$b00$c20200305$lBLL01$h1101

