=LDR  03032 am a22007217a 4500
=001  018338436
=003  Uk
=005  20170106043159.0
=006  m\\\\\o\\d\\\\\\\\
=007  cr\|||||||||||
=008  100315s1969\\\\ja\a\\\\ob\\\\001\0\jpn\d
=FMT  \\$a  BK
=019  \\$a297786060
=035  \\$a(OCoLC)556962407$z(OCoLC)297786060
=040  \\$aOCLCE$beng$cOCLCE$dOCLCQ$dCUS$dOCLCQ$dOCLCA$dOCLCQ$dOCLCF$dOCL$dYUS$dOCLCO$dYUS$dOCLCO$dOCLCQ$dYUS$dOCLCO$dUk$epn
=042  \\$adlr
=043  \\$aa-cc---$ae-fr---
=050  \4$aDS740.5.F8$bG62
=100  1\$aGotō, Sueo,$d1886-1967.
=245  10$6880-02$aChūgoku shisō no Furansu seizen /$cGotō Sueo cho, Yazawa Toshihiko kōtei.
=250  \\$6880-03$aShohan.
=260  \\$6880-04$aTōkyō :$bHeibonsha,$cShōwa 44 (1969)
=300  \\$a1 online resource (2 volumes) :$billustrations.
=336  \\$atext$btxt$2rdacontent
=337  \\$acomputer$bc$2rdamedia
=338  \\$aonline resource$bcr$2rdacarrier
=490  1\$6880-05$aTōyō bunko ;$v144, etc.
=500  \\$aIncludes index.
=504  \\$aIncludes bibliographical references.
=588  0\$aPrint version record.
=650  \0$aPhilosophy, Chinese.
=650  \7$aCivilization$xChinese influences.$2fast$0(OCoLC)fst00862903
=650  \7$aInternational relations.$2fast$0(OCoLC)fst00977053
=650  \7$aPhilosophy, Chinese.$2fast$0(OCoLC)fst01060917
=651  \0$aChina$xRelations$zFrance.
=651  \0$aFrance$xCivilization$xChinese influences.
=651  \0$aFrance$xRelations$zChina.
=651  \7$aChina.$2fast$0(OCoLC)fst01206073
=651  \7$aFrance.$2fast$0(OCoLC)fst01204289
=700  1\$6880-06$aYazawa, Toshihiko,$d1914-
=773  0\$tJapanKnowledge
=776  08$iPrint version:$aGotō, Sueo, b. 1886.$tChūgoku shisō no Furansu seizen.$dTōkyō : Heibonsha, Shōwa 44 (1969)
=830  \0$6880-07$aTōyō bunko$v144, etc.
=856  40$3JapanKnowledge Volume 1$uhttp://japanknowledge.com/lib/display/?lid=80010V0144P0002$yJapanKnowledge Lib
=856  40$3JapanKnowledge Volume 2$uhttp://japanknowledge.com/lib/display/?lid=80010V0148P0002$yJapanKnowledge Lib
=880  1\$6100-01/{dollar}1$a後藤末雄,$d1886-
=880  10$6245-02/{dollar}1$a中国思想のフランス西漸 /$c後藤末雄著, 矢沢利彥校訂.
=880  \\$6250-03/{dollar}1$a初版.
=880  \\$6260-04/{dollar}1$a東京 :$b平凡社,$c昭和44 (1969)
=880  1\$6490-05/{dollar}1$a東洋文庫 ;$v144, etc.
=880  1\$6700-06/{dollar}1$a矢沢利彥,$d1914-
=880  \0$6830-07/{dollar}1$a東洋文庫 ;$v144, etc.
=859  \\$aORR$bJapanKnowledge
=CAT  \\$aW1704-1242$b00$c20170509$lBLL01$h0927
=CAT  \\$aBATCH-UPD$b00$c20170509$lBLL01$h0937
=CAT  \\$aBATCH-UPD$b00$c20170509$lBLL01$h0940
=CAT  \\$a14633$b40$c20171122$lBLL01$h1358
=CAT  \\$aBATCH-UPD$b40$c20171122$lBLL01$h1359
=CAT  \\$aW2003-0365$c20200305$lBLL01$h1101
=FIN  \\$aY$d20170509
=SID  \\$aZ30$bOCLC
=SRC  \\$aJapanKnowledge_2017$bJK_OCLC20170203.mrc
=LAS  \\$aW2003-0365$b00$c20200305$lBLL01$h1101

