=LDR  02137 am a22005657i 4500
=001  018338437
=003  Uk
=005  20170106043200.0
=006  m\\\\\o\\d\\\\\\\\
=007  cr\|||||||||||
=008  111013s1985\\\\ja\\\\\\o\\\\\000\0\jpn\d
=FMT  \\$a  BK
=020  \\$z4582804438
=020  \\$z9784582804430
=035  \\$a(OCoLC)756928106
=040  \\$aOCLCE$beng$cOCLCE$dCUS$dOCLCQ$dYUS$dOCLCO$dYUS$dOCLCO$dOCLCQ$dYUS$dOCLCO$dUk$epn
=041  1\$ajpn$hara
=042  \\$adlr
=050  \4$aPJ7733.J3$bM342 1985
=084  \\$a929.763$2njb
=084  \\$ab929.76$2njb
=245  00$6880-01$aArabian naito.$nbekkan /$cMaejima, Shinji yaku.
=260  \\$6880-02$aTōkyō :$bHeibonsha,$c1985.
=300  \\$a1 online resource (288,4 pages).
=336  \\$atext$btxt$2rdacontent
=337  \\$acomputer$bc$2rdamedia
=338  \\$aonline resource$bcr$2rdacarrier
=490  1\$6880-03$aTōyō bunko ;$v443
=505  0\$6880-04$aArajin to aribaba.
=588  0\$aPrint version record.
=700  1\$6880-05$aMaejima, Shinji,$d1903-
=773  0\$tJapanKnowledge
=776  08$iPrint version:$tArabian naito. betsu.$dTōkyō : Heibonsha, 1985$z4582804438
=830  \0$6880-06$aTōyō bunko$v443.
=856  40$3JapanKnowledge$uhttp://japanknowledge.com/lib/display/?lid=80010V0443P0002$yJapanKnowledge Lib
=880  00$6245-01/{dollar}1$aアラビアン・ナイト.$n別卷 /$c前嶋信次訳.
=880  \\$6260-02/{dollar}1$a東京 :$b平凡社,$c1985.
=880  1\$6490-03/{dollar}1$a東洋文庫 ;$v443
=880  0\$6505-00/{dollar}1$aアラーッ・ディーンと魔法のランプの物語.アリ・ババと四十人の盗賊の物語.
=880  0\$6505-04/{dollar}1$aアラジンとアリババ.
=880  1\$6700-05/{dollar}1$a前嶋信次,$d1903--
=880  \0$6830-06/{dollar}1$a東洋文庫 ;$v443.
=859  \\$aORR$bJapanKnowledge
=CAT  \\$aW1704-1242$b00$c20170509$lBLL01$h0927
=CAT  \\$aBATCH-UPD$b00$c20170509$lBLL01$h0937
=CAT  \\$aW2003-0365$c20200305$lBLL01$h1101
=FIN  \\$aY$d20170509
=SID  \\$aZ30$bOCLC
=SRC  \\$aJapanKnowledge_2017$bJK_OCLC20170203.mrc
=LAS  \\$aW2003-0365$b00$c20200305$lBLL01$h1101

