=LDR  02644 am a22006497a 4500
=001  018338438
=003  Uk
=005  20170106043200.0
=006  m\\\\\o\\d\\\\\\\\
=007  cr\un|||||||||
=008  120419s1980\\\\ja\ab\\\ob\\\\000\0bjpn\d
=FMT  \\$a  BK
=035  \\$a(OCoLC)786191562
=040  \\$aCUS$beng$cCUS$dOCLCQ$dOCLCF$dOCLCA$dYUS$dOCLCQ$dOCLCO$dYUS$dOCLCO$dOCLCQ$dYUS$dOCLCO$dUk
=041  1\$ajpn$hmay
=043  \\$aam-----$aa-si---
=050  \4$aDS596.5$b.A6313 1980
=100  0\$aAbdullah,$cMunshi,$d1796-1854.
=240  10$aHikayat Abd Allah.$lJapanese
=245  10$6880-01$aAbudurrā monogatari /$cAbudurrā ; Nakahara Michiko yaku.
=250  \\$6880-02$aShohan.
=260  \\$6880-03$aTōkyō :$bHeibonsha,$c1980.
=300  \\$a1 online resource (v, 310 pages) :$billustrations.
=336  \\$atext$btxt$2rdacontent
=337  \\$acomputer$bc$2rdamedia
=338  \\$aonline resource$bcr$2rdacarrier
=490  1\$6880-04$aTōyō bunko ;$v392
=500  \\$aTranslation of: Hikayat Abd Allah.
=504  \\$aIncludes bibliographical references (pages 306-310).
=588  0\$aPrint version record.
=600  10$aRaffles, Thomas Stamford,$cSir,$d1781-1826.
=600  17$aRaffles, Thomas Stamford,$cSir,$d1781-1826$2fast$0(OCoLC)fst00078208
=651  \0$aMalacca (State)$xHistory.
=651  \0$aSingapore$xHistory.
=651  \7$aMalaysia$zMalacca (State)$2fast$0(OCoLC)fst01209700
=651  \7$aSingapore.$2fast$0(OCoLC)fst01205288
=655  \7$aHistory.$2fast$0(OCoLC)fst01411628
=700  1\$6880-05$aNakahara, Michiko,$d1934-
=773  0\$tJapanKnowledge
=776  08$iPrint version:$aAbdullah, Munshi, 1796-1854.$sHikayat Abd Allah. Japanese.$tAbudurrā monogatari.$bShohan.$dTōkyō : Heibonsha, 1980
=830  \0$6880-06$aTōyō bunko$v392.
=856  40$3JapanKnowledge$uhttp://japanknowledge.com/lib/display/?lid=80010V0392P0002$yJapanKnowledge Lib
=880  10$6245-01/{dollar}1$aアブドゥッラー物語 /$cアブドゥッラー ; 中原道子訳.
=880  \\$6250-02/{dollar}1$a初版.
=880  \\$6260-03/{dollar}1$a東京 :$b平凡社,$c1980.
=880  1\$6490-04/{dollar}1$a東洋文庫 ;$v392
=880  1\$6700-05/{dollar}1$a中原道子,$d1934-
=880  \0$6830-06/{dollar}1$a東洋文庫 ;$v392.
=859  \\$aORR$bJapanKnowledge
=CAT  \\$aW1704-1242$b00$c20170509$lBLL01$h0927
=CAT  \\$aBATCH-UPD$b00$c20170509$lBLL01$h0937
=CAT  \\$aBATCH-UPD$b00$c20170509$lBLL01$h0940
=CAT  \\$aW2003-0365$c20200305$lBLL01$h1101
=FIN  \\$aY$d20170509
=SID  \\$aZ30$bOCLC
=SRC  \\$aJapanKnowledge_2017$bJK_OCLC20170203.mrc
=LAS  \\$aW2003-0365$b00$c20200305$lBLL01$h1101

