=LDR  02640 am a2200661 a 4500
=001  018338439
=003  Uk
=005  20170106043200.0
=006  m\\\\\o\\d\\\\\\\\
=007  cr\un|||||||||
=008  120214s1991\\\\ja\\\\\\o\\\\\000\0djpn\d
=FMT  \\$a  BK
=020  \\$a4582805345$q(v. 2)
=020  \\$a9784582805345$q(v. 2)
=020  \\$z4582805337$q(v. 1)
=020  \\$z9784582805338$q(v. 1)
=035  \\$a(OCoLC)776751708
=040  \\$aCUS$beng$cCUS$dOCLCQ$dOCLCA$dOCLCQ$dOCLCO$dOCLCQ$dOCLCF$dOCLCO$dYUS$dOCLCO$dYUS$dOCLCO$dOCLCQ$dYUS$dOCLCO$dUk
=041  1\$ajpn$hchi
=050  \4$aBL1900.L482$bJ3 1991
=100  0\$6880-01$aLiezi,$dactive 4th century B.C.
=240  10$6880-02$aLiezi.$lJapanese
=245  10$6880-03$aResshi /$cFukunaga Mitsuji yakuchū.
=250  \\$6880-04$aShohan.
=260  \\$6880-05$aTōkyō :$bHeibonsha,$c1991.
=300  \\$a1 online resource (2 volumes).
=336  \\$atext$btxt$2rdacontent
=337  \\$acomputer$bc$2rdamedia
=338  \\$aonline resource$bcr$2rdacarrier
=490  1\$6880-06$aTōyō bunko ;$v533-534
=500  \\$aTranslation of: Liezi.
=588  0\$aPrint version record.
=600  00$6880-07.$aLiezi,$dactive 4th century B.C.$tLiezi.
=630  07$aLiezi (Liezi)$2fast$0(OCoLC)fst01371109
=700  1\$6880-08$aFukunaga, Mitsuji,$d1918-
=773  0\$tJapanKnowledge
=776  08$iPrint version:$aLiezi, 4th cent. B.C.$sLiezi. Japanese.$tResshi.$bShohan.$dTōkyō : Heibonsha, 1991$z4582805337
=830  \0$6880-09$aTōyō bunko$v533-534.
=856  40$3JapanKnowledge Volume 2$uhttp://japanknowledge.com/lib/display/?lid=80010V0534P0002$yJapanKnowledge Lib
=856  40$3JapanKnowledge Volume 1$uhttp://japanknowledge.com/lib/display/?lid=80010V0533P0002$yJapanKnowledge Lib
=880  0\$6100-01/{dollar}1$a列子,$dactive 4th century B.C.
=880  10$6240-02/{dollar}1$a列子.$lJapanese
=880  10$6245-03/{dollar}1$a列子 /$c福永光司訳注.
=880  \\$6250-04/{dollar}1$a初版.
=880  \\$6260-05/{dollar}1$a東京 :$b平凡社,$c1991.
=880  1\$6490-06/{dollar}1$a東洋文庫 ;$v533-534
=880  04$6600-07/{dollar}1$a列子,$dactive 4th century B.C.$t列子.
=880  1\$6700-08/{dollar}1$a福永光司,$d1918-
=880  \0$6830-09/{dollar}1$a東洋文庫 ;$v533-534.
=859  \\$aORR$bJapanKnowledge
=CAT  \\$aW1704-1242$b00$c20170509$lBLL01$h0927
=CAT  \\$aBATCH-UPD$b00$c20170509$lBLL01$h0937
=CAT  \\$aBATCH-UPD$b00$c20170509$lBLL01$h0940
=CAT  \\$aW2003-0365$c20200305$lBLL01$h1101
=FIN  \\$aY$d20170509
=SID  \\$aZ30$bOCLC
=SRC  \\$aJapanKnowledge_2017$bJK_OCLC20170203.mrc
=LAS  \\$aW2003-0365$b00$c20200305$lBLL01$h1101

