=LDR  02106 am a22005654i 4500
=001  018338440
=003  Uk
=005  20170106043201.0
=006  m\\\\\o\\d\\\\\\\\
=007  cr\|||||||||||
=008  151113s2000\\\\ja\\\\\\o\\\\\000\0\jpn\d
=FMT  \\$a  BK
=020  \\$z4560058326
=020  \\$z9784560058329
=035  \\$a(OCoLC)929031196
=040  \\$aCNEAL$beng$cYUS$dOCLCO$dYUS$dOCLCO$dOCLCF$dUk$erda$epn
=041  1\$ajpn$hfre
=050  \4$aPM7851$b.C48165 2000
=100  1\$aChaudenson, Robert,$eauthor.
=240  10$aCřoles.$lJapanese
=245  10$6880-01$aKureōrugo /$cRobēru Shodanson cho ; Kasuya Keisuke, Tanaka Katsuhiko yaku.
=264  \1$6880-02$aTokyo :$bHakusuisha,$c2000.
=300  \\$a1 online resource.
=336  \\$atext$btxt$2rdacontent
=337  \\$acomputer$bc$2rdamedia
=338  \\$aonline resource$bcr$2rdacarrier
=490  1\$6880-03$aBunko kuseju ;$v832
=500  \\$aTranslation of: Les cřoles.
=588  \\$aDescription based on print version.
=650  \0$aCreole dialects, French.
=650  \7$aCreole dialects, French.$2fast$0(OCoLC)fst00882796
=700  1\$6880-04$aKasuya, Keisuke,$d1955-
=773  0\$tJapanKnowledge
=776  08$iPrint version:$tKureorugo
=830  \0$6880-05$aBunko kuseju$v832.
=856  40$3JapanKnowledge$uhttp://japanknowledge.com/lib/display/?lid=8021008320000$yJapanKnowledge Lib
=880  10$6245-01/{dollar}1$aクレオール語 /$cロベール・ショダンソン著 ; 糟谷啓介, 田中克彦訳.
=880  \1$6264-02/{dollar}1$a東京 :$b白水社,$c2000.
=880  1\$6490-03/{dollar}1$a文庫クセジュ ;$v832
=880  1\$6700-04/{dollar}1$a糟谷啓介,$d(1955-
=880  \0$6830-05/{dollar}1$a文庫クセジュ ;$v832.
=859  \\$aORR$bJapanKnowledge
=CAT  \\$aW1704-1242$b00$c20170509$lBLL01$h0927
=CAT  \\$aBATCH-UPD$b00$c20170509$lBLL01$h0937
=CAT  \\$aBATCH-UPD$b00$c20170509$lBLL01$h0940
=CAT  \\$aW2003-0365$c20200305$lBLL01$h1101
=FIN  \\$aY$d20170509
=SID  \\$aZ30$bOCLC
=SRC  \\$aJapanKnowledge_2017$bJK_OCLC20170203.mrc
=LAS  \\$aW2003-0365$b00$c20200305$lBLL01$h1101

