=LDR  02161 am a22005774i 4500
=001  018338441
=003  Uk
=005  20170106043201.0
=006  m\\\\\o\\d\\\\\\\\
=007  cr\|||||||||||
=008  151214s1961\\\\ja\\\\\\ob\\\\000\0\jpn\d
=FMT  \\$a  BK
=020  \\$z4560052972
=020  \\$z9784560052976
=035  \\$a(OCoLC)932129316
=040  \\$aCNEAL$beng$cYUS$dOCLCO$dOCLCF$dUk$erda$epn
=041  1\$ajpn$hfre
=050  \4$aDT22$b.P3165 1961
=100  1\$aPaulme, Denise,$eauthor.
=240  10$aCivilisations africaines.$lJapanese
=245  10$6880-01$aAfurika no minzoku to bunka /$cDonīzu Pōmu cho ; Kawada Junzō yaku.
=264  \1$6880-02$aTōkyō :$bHakusuisha,$c1961.
=300  \\$a1 online resource.
=336  \\$atext$btxt$2rdacontent
=337  \\$acomputer$bc$2rdamedia
=338  \\$aonline resource$bcr$2rdacarrier
=490  1\$6880-03$aBunko kuseju ;$v297
=500  \\$aTranslation of: Les civilisations africaines.
=504  \\$aIncludes bibliographical references.
=588  \\$aDescription based on print version.
=650  \7$aCivilization.$2fast$0(OCoLC)fst00862898
=651  \0$aAfrica$xCivilization.
=651  \7$aAfrica.$2fast$0(OCoLC)fst01239509
=700  1\$6880-04$aKawada, Junzō,$d1934-
=773  0\$tJapanKnowledge
=776  08$iPrint version:$tAfurika no minzoku to bunka.
=830  \0$6880-05$aBunko kuseju$v297.
=856  40$3JapanKnowledge$uhttp://japanknowledge.com/lib/display/?lid=8021002970000$yJapanKnowledge Lib
=880  10$6245-01/{dollar}1$aアフリカの民族と文化 /$cドニーズ・ポーム著 ; 川田順造訳.
=880  \1$6264-02/{dollar}1$a東京 :$b白水社,$c1961.
=880  1\$6490-03/{dollar}1$a文庫クセジュ ;$v297
=880  1\$6700-04/{dollar}1$a川田順造,$d1934-
=880  \0$6830-05/{dollar}1$a文庫クセジュ ;$v297.
=859  \\$aORR$bJapanKnowledge
=CAT  \\$aW1704-1242$b00$c20170509$lBLL01$h0927
=CAT  \\$aBATCH-UPD$b00$c20170509$lBLL01$h0937
=CAT  \\$aW2003-0365$c20200305$lBLL01$h1101
=FIN  \\$aY$d20170509
=SID  \\$aZ30$bOCLC
=SRC  \\$aJapanKnowledge_2017$bJK_OCLC20170203.mrc
=LAS  \\$aW2003-0365$b00$c20200305$lBLL01$h1101

