=LDR  02816 am a22006494i 4500
=001  018338442
=003  Uk
=005  20170106043202.0
=006  m\\\\\o\\d\\\\\\\\
=007  cr\|||||||||||
=008  151113s1963\\\\ja\\\\\\ob\\\\001\0\jpn\d
=FMT  \\$a  BK
=020  \\$z4560053367
=020  \\$z9784560053362
=035  \\$a(OCoLC)929028953
=040  \\$aSTF$beng$cYUS$dOCLCO$dYUS$dOCLCO$dOCLCF$dUk$erda$epn
=041  1\$ajpn$hfre
=050  \4$aML440$b.R4163 1963
=100  10$aReuter, Evelyn,$eauthor.
=240  10$aMélodie et le lied.$lJapanese
=245  10$6880-01$aFuransu kakyoku to Doitsu kakyoku /$cEvuran Rutēru cho ; Komatsu Kiyoshi, Ninomiya Reiko kyōyaku.
=264  \1$6880-02$aTōkyō :$bHakusuisha,$c1963.
=300  \\$a1 online resource (153, 12 pages).
=336  \\$atext$btxt$2rdacontent
=337  \\$acomputer$bc$2rdamedia
=338  \\$aonline resource$bcr$2rdacarrier
=490  1\$6880-03$aBunko kuseju ;$v336
=500  \\$aTranslation of: Mélodie et le lied.
=504  \\$aIncludes bibliographical references (pages 10-11 (2nd group)) and index.
=588  \\$aDescription based on print version record.
=650  \0$aMelody.
=650  \0$aSongs$xHistory and criticism.
=650  \7$aMelody.$2fast$0(OCoLC)fst01015790
=650  \7$aSongs.$2fast$0(OCoLC)fst01126120
=655  \7$aCriticism, interpretation, etc.$2fast$0(OCoLC)fst01411635
=700  1\$6880-04$aKomatsu, Kiyoshi,$d1899-$etranslator.
=700  1\$6880-05,$aNinomiya, Reiko,$d1938-$etranslator.
=773  0\$tJapanKnowledge
=776  08$6880-06$iPrint version:$aReuter, Evelyn.$sMélodie et le lied. Japanese.$tFuransu kakyoku to Doitsu kakyoku.$dTōkyō : Hakusuisha, 1963
=830  \0$6880-07$aBunko kuseju$v336.
=856  40$3JapanKnowledge$uhttp://japanknowledge.com/lib/display/?lid=8021003360000$yJapanKnowledge Lib
=880  10$6245-01$aフランス歌曲とドイツ歌曲 /$cエヴラン・ルテール著 ; 小松清, 二宮礼子共訳.
=880  \1$6264-02$a東京 :$b白水社,$c1963.
=880  1\$6490-03$a文庫クセジュ ;$v336
=880  1\$6700-04$a小松清,$d1899-$etranslator.
=880  1\$6700-05$a二宮礼子,$d1938-$etranslator.
=880  08$6776-06$iPrint version:$aReuter, Evelyn.$sMélodie et le lied. Japanese.$tフランス歌曲とドイツ歌曲.$d東京 : 白水社, 1963$w(OCoLC)33643410
=880  \0$6830-07$a文庫クセジュ ;$v336.
=859  \\$aORR$bJapanKnowledge
=CAT  \\$aW1704-1242$b00$c20170509$lBLL01$h0927
=CAT  \\$aBATCH-UPD$b00$c20170509$lBLL01$h0937
=CAT  \\$aBATCH-UPD$b00$c20170509$lBLL01$h0940
=CAT  \\$aW2003-0365$c20200305$lBLL01$h1101
=FIN  \\$aY$d20170509
=SID  \\$aZ30$bOCLC
=SRC  \\$aJapanKnowledge_2017$bJK_OCLC20170203.mrc
=LAS  \\$aW2003-0365$b00$c20200305$lBLL01$h1101

