=LDR  01957 am a22005534i 4500
=001  018338443
=003  Uk
=005  20170106043202.0
=006  m\\\\\o\\d\\\\\\\\
=007  cr\|||||||||||
=008  151113s1997\\\\ja\\\\\\o\\\\\000\0\jpn\d
=FMT  \\$a  BK
=020  \\$z4560057907
=020  \\$z9784560057902
=035  \\$a(OCoLC)929030544
=040  \\$aYUS$beng$cYUS$dYUS$dOCLCO$dOCLCF$dUk$erda$epn
=041  1\$ajpn$hfre
=043  \\$ae-be---
=050  \4$aDH418$b.D856163 1997
=245  00$6880-01$aBerugī shi /$cJoruju Anri Dumon cho ; Murakami Naohisa yaku.
=264  \1$6880-02$aTōkyō :$bHakusuisha,$c1997.
=300  \\$a1 online resource.
=336  \\$atext$btxt$2rdacontent
=337  \\$acomputer$bc$2rdamedia
=338  \\$aonline resource$bcr$2rdacarrier
=490  1\$6880-03$aBunko kuseju ;$v790
=588  \\$aDescription based on print version.
=651  \0$aBelgium.
=651  \7$aBelgium.$2fast$0(OCoLC)fst01210278
=700  1\$6880-04$aMurakami, Naohisa,$d1949-
=700  1\$aDumont, Georges Henri.
=730  0\$aBelgique.
=773  0\$tJapanKnowledge
=776  08$iPrint version:$tBerugī shi.
=830  \0$6880-05$aBunko kuseju$v790.
=856  40$3JapanKnowledge$uhttp://japanknowledge.com/lib/display/?lid=8021007900000$yJapanKnowledge Lib
=880  00$6245-01/{dollar}1$aベルギー史 /$cジョルジュ=アンリ・デュモン著 ; 村上直久訳.
=880  \1$6264-02/{dollar}1$a東京 :$b白水社,$c1997.
=880  1\$6490-03/{dollar}1$a文庫クセジュ ;$v790
=880  1\$6700-04/{dollar}1$a村上直久,$d1949-
=880  \0$6830-05/{dollar}1$a文庫クセジュ ;$v790.
=859  \\$aORR$bJapanKnowledge
=CAT  \\$aW1704-1242$b00$c20170509$lBLL01$h0927
=CAT  \\$aBATCH-UPD$b00$c20170509$lBLL01$h0937
=CAT  \\$aW2003-0365$c20200305$lBLL01$h1101
=FIN  \\$aY$d20170509
=SID  \\$aZ30$bOCLC
=SRC  \\$aJapanKnowledge_2017$bJK_OCLC20170203.mrc
=LAS  \\$aW2003-0365$b00$c20200305$lBLL01$h1101

