=LDR  03542 am a22008417a 4500
=001  018338445
=003  Uk
=005  20170106043203.0
=006  m\\\\\o\\d\\\\\\\\
=007  cr\|||||||||||
=008  100716s1988\\\\ja\a\\\\os\\\\000\0\jpn\d
=FMT  \\$a  BK
=019  \\$a756931419
=020  \\$z4582804845
=020  \\$z9784582804843
=035  \\$a(OCoLC)648399906$z(OCoLC)756931419
=040  \\$aOCLCE$beng$cOCLCE$dOCLCQ$dOCLCO$dCHVBK$dOCLCQ$dCUS$dOCLCF$dOCLCQ$dOCLCO$dYUS$dOCLCO$dYUS$dOCLCO$dOCLCQ$dYUS$dOCLCO$dUk$epn
=042  \\$adlr
=043  \\$ae-ru---$aa-cc---
=050  \4$aDK771.S2$bM36 1988
=100  1\$6880-01$aMamiya, Rinzō,$d1780-1844
=240  10$6880-02$aTōdatsu kikō
=245  10$6880-03$aTōdatsu chihō kikō /$cMamiya Rinzō jutsu ; Murakami Teisuke hen ; Hora Tomio, Tanisawa Shōichi henchū.
=250  \\$6880-04$aShohan.
=260  \\$6880-05$aTōkyō :$bHeibonsha,$c1988.
=300  \\$a1 online resource (286 pages) :$billustrations.
=336  \\$atext$btxt$2rdacontent
=337  \\$acomputer$bc$2rdamedia
=338  \\$aonline resource$bcr$2rdacarrier
=490  1\$6880-06$aTōyō bunko ;$v484
=505  2\$aHokui bunkai yowa -- Tōdatsu chihō kikō -- Kyūhatsu kitan.
=588  0\$aPrint version record.
=650  \7$aTravel.$2fast$0(OCoLC)fst01155558
=651  \0$aManchuria (China)$xDescription and travel.
=651  \0$aSakhalin (Sakhalinskai︠a︡ oblastʹ, Russia)$xDescription and travel.
=651  \7$aChina$zManchuria.$2fast$0(OCoLC)fst01242805
=651  \7$aMandschurei$2gnd
=651  \7$aRussia (Federation)$zSakhalin (Sakhalinskai︠a︡ oblastʹ)$2fast$0(OCoLC)fst01316557
=651  \7$aKarafuto$2gnd
=651  \7$aSibirien$zOst$2gnd
=700  1\$6880-07$aMurakami, Teisuke,$d1780-1846
=700  1\$6880-08$aHora, Tomio,$d1906-
=700  1\$6880-09$aTanisawa, Shīchi,$d1914-
=700  12$6880-10.$aMamiya, Rinzō,$d1780-1844$tHokui bunka yowa.
=700  12$6880-11.$aMamiya, Rinzō,$d1780-1844$tKyūhatsu kitan.
=773  0\$tJapanKnowledge
=776  08$iPrint version:$aMamiya, Rinzō, 1780-1844.$sTōdatsu kikō.$tTōdatsu chihō kikō.$bShohan.$dTōkyō : Heibonsha, 1988
=830  \0$6880-12$aTōyō bunko$v484.
=856  40$3JapanKnowledge$uhttp://japanknowledge.com/lib/display/?lid=80010V0484P0002$yJapanKnowledge Lib
=880  1\$6100-01/{dollar}1$a間宮林蔵,$d1780-1844.
=880  10$6240-02/{dollar}1$a東韃紀行
=880  10$6245-03/{dollar}1$a東韃地方紀行 /$c間宮林蔵述 ; 村上貞助編 ; 洞富雄, 谷澤尚一編注.
=880  \\$6250-04/{dollar}1$a初版.
=880  \\$6260-05/{dollar}1$a東京 :$b平凡社,$c1988.
=880  1\$6490-06/{dollar}1$a東洋文庫 ;$v484
=880  1\$6700-07/{dollar}1$a村上貞助,$d1780-1846.
=880  1\$6700-08/{dollar}1$a洞富雄,$d1906-
=880  1\$6700-09/{dollar}1$a谷澤尚一,$d1914-
=880  12$6700-10/{dollar}1$a間宮林蔵,$d1780-1844.$t北夷分界余話.
=880  12$6700-11/{dollar}1$a間宮林蔵,$d1780-1844.$t窮髪紀譚.
=880  0\$6740-00/{dollar}1$a東韃紀行.
=880  \0$6830-12/{dollar}1$a東洋文庫 ;$v484.
=859  \\$aORR$bJapanKnowledge
=CAT  \\$aW1704-1242$b00$c20170509$lBLL01$h0927
=CAT  \\$aBATCH-UPD$b00$c20170509$lBLL01$h0937
=CAT  \\$aBATCH-UPD$b00$c20170509$lBLL01$h0940
=CAT  \\$aW2003-0365$c20200305$lBLL01$h1101
=FIN  \\$aY$d20170509
=SID  \\$aZ30$bOCLC
=SRC  \\$aJapanKnowledge_2017$bJK_OCLC20170203.mrc
=029  1\$aCHBIS$b009900730
=029  1\$aCHVBK$b145325121
=LAS  \\$aW2003-0365$b00$c20200305$lBLL01$h1101

