=LDR  02398 am a22006377a 4500
=001  018338446
=003  Uk
=005  20170106043203.0
=006  m\\\\\o\\d\\\\\\\\
=007  cr\|||||||||||
=008  100325s1987\\\\ja\a\\\\o\\\\\001\0\jpn\d
=FMT  \\$a  BK
=019  \\$a608165776
=020  \\$z4582804705
=020  \\$z9784582804706
=035  \\$a(OCoLC)571958432$z(OCoLC)608165776
=040  \\$aOCLCE$beng$cOCLCE$dOCLCQ$dCUS$dOCLCQ$dOCLCO$dOCLCQ$dOCLCO$dYUS$dOCLCO$dYUS$dOCLCO$dOCLCQ$dOCLCA$dYUS$dOCLCO$dUk$epn
=042  \\$adlr
=043  \\$aa-cc---
=050  \4$aJQ1512$b.M489 1987
=100  1\$6880-01$aMiyazaki, Ichisada,$d1901-1995
=245  10$6880-02$aKakyoshi /$cMiyazaki Ichisada.
=250  \\$6880-03$aShohan.
=260  \\$6880-04$aTōkyō :$bHeibonsha,$c1987.
=300  \\$a1 online resource (348 pages) :$billustrations.
=336  \\$atext$btxt$2rdacontent
=337  \\$acomputer$bc$2rdamedia
=338  \\$aonline resource$bcr$2rdacarrier
=490  1\$6880-05$aTōyō bunko ;$v470
=500  \\$aIncludes index.
=588  0\$aPrint version record.
=650  \0$aCivil service$zChina$xExaminations$xHistory.
=650  \0$aExaminations$zChina$xHistory.
=651  \0$aChina$xOfficials and employees$xSelection and appointment$xHistory.
=700  1\$6880-06.$aMiyazaki, Ichisada,$d1901-1995$tKakyo.
=773  0\$tJapanKnowledge
=776  08$iPrint version:$aMiyazaki, Ichisada,$tKakyoshi.$bShohan.$d1901-1995
=830  \0$6880-07$aTōyō bunko$v470.
=856  40$3JapanKnowledge$uhttp://japanknowledge.com/lib/display/?lid=80010V0470P0002$yJapanKnowledge Lib
=880  1\$6100-01/{dollar}1$a宮崎市定,$d1901-
=880  10$6245-02/{dollar}1$a科挙史 /$c宮崎市定.
=880  \\$6250-03/{dollar}1$a初版.
=880  \\$6260-04/{dollar}1$a東京 :$b平凡社,$c1987.
=880  1\$6490-05/{dollar}1$a東洋文庫 ;$v470
=880  1\$6700-06/{dollar}1$a宮崎市定,$d1901-$t科挙.
=880  \0$6830-07/{dollar}1$a東洋文庫 ;$v470.
=859  \\$aORR$bJapanKnowledge
=CAT  \\$aW1704-1242$b00$c20170509$lBLL01$h0927
=CAT  \\$aBATCH-UPD$b00$c20170509$lBLL01$h0937
=CAT  \\$a5194$b40$c20171114$lBLL01$h0840
=CAT  \\$aBATCH-UPD$b40$c20171114$lBLL01$h0841
=CAT  \\$aW2003-0365$c20200305$lBLL01$h1101
=FIN  \\$aY$d20170509
=SID  \\$aZ30$bOCLC
=SRC  \\$aJapanKnowledge_2017$bJK_OCLC20170203.mrc
=LAS  \\$aW2003-0365$b00$c20200305$lBLL01$h1101

