=LDR  03104 am a22007457  4500
=001  018338447
=003  Uk
=005  20180319113640.0
=006  m\\\\\o\\d\\\\\\\\
=007  cr\un|||||||||
=008  090201s1970\\\\ja\\\\\\ob\\\\000\0\jpn\d
=FMT  \\$a  BK
=019  \\$a645373909
=035  \\$a(OCoLC)300969905$z(OCoLC)645373909
=040  \\$aOCLCE$beng$cOCLCE$dOCLCQ$dCUS$dOCLCQ$dOCLCO$dOCLCF$dOCLCO$dOCL$dOCLCO$dYUS$dOCLCO$dYUS$dOCLCO$dOCL$dOCLCQ$dYUS$dOCLCO$dUk$epn
=041  1\$ajpn$hfre
=042  \\$adlr
=043  \\$aae-----$aa-ja---
=050  \4$aDS506$b.B446
=084  \\$a291.09$2njb/9
=100  1\$aBenyowsky, Maurice Auguste,$ccomte de,$d1746-1786.
=240  10$aMemoires et voyages.$lJapanese
=245  10$6880-01$aBenyofusukī kōkaiki$cBenyofusukī cho, Mizuguchi Shigeo, Numata Jirō hen'yaku.
=250  \\$6880-02$aShohan.
=260  \\$6880-03$aTōkyō,$bHeibonsha,$cShōwa 45 [1970]
=300  \\$a1 online resource (350 pages).
=336  \\$atext$btxt$2rdacontent
=337  \\$acomputer$bc$2rdamedia
=338  \\$aonline resource$bcr$2rdacarrier
=490  1\$6880-04$aTōyō bunko
=504  \\$aIncludes bibliographical references (pages 341-350).
=588  0\$aPrint version record.
=648  \7$a1600-1868$2fast
=650  \7$aTravel.$2fast$0(OCoLC)fst01155558
=650  07$6880-05$aNihon-Kikō annaiki.$2jlabsh/4
=651  \0$aEast Asia$xDescription and travel.
=651  \0$aJapan$xHistory$yTokugawa period, 1600-1868$vSources.
=651  \7$aEast Asia.$2fast$0(OCoLC)fst01243628
=651  \7$aJapan.$2fast$0(OCoLC)fst01204082
=655  \7$aHistory$2fast$0(OCoLC)fst01411628
=655  \7$aSources.$2fast$0(OCoLC)fst01423900
=700  1\$6880-06,$aMizuguchi, Shigeo,$d1926-$eeditor.
=700  1\$6880-07,$aNumata, Jirō,$d1912-1994$eeditor.
=773  0\$tJapanKnowledge
=776  08$iPrint version:$aBenyowsky, Maurice Auguste, comte de, 1746-1786.$sMemoires et voyages. Japanese.$tBenyofusukī kōkaiki.$dTōkyō, Heibonsha, Shōwa 45 [1970]
=830  \0$6880-08$aTōyō bunko
=856  40$3JapanKnowledge$uhttp://japanknowledge.com/lib/display/?lid=80010V0160P0002$yJapanKnowledge Lib
=880  10$6245-01/{dollar}1$aベニョフスキー航海記$cベニョフスキー著, 水口志計夫, 沼田次郎編訳.
=880  \\$6250-02/{dollar}1$a初版.
=880  \\$6260-03/{dollar}1$a東京,$b平凡社,$c昭和45 [1970]
=880  1\$6490-04/{dollar}1$a東洋文庫
=880  07$6650-05/{dollar}1$a日本-紀行・案内記.$2jlabsh/4
=880  1\$6700-06/{dollar}1$a水口志計夫,$d1926-$eeditor.
=880  1\$6700-07/{dollar}1$a沼田次郎,$d1912-$eeditor.
=880  \0$6830-08/{dollar}1$a東洋文庫.
=859  \\$aORR$bJapanKnowledge
=CAT  \\$aW1704-1242$b00$c20170509$lBLL01$h0927
=CAT  \\$aBATCH-UPD$b00$c20170509$lBLL01$h0937
=CAT  \\$aBATCH-UPD$b00$c20170509$lBLL01$h0940
=CAT  \\$a9572$b40$c20180319$lBLL01$h1136
=CAT  \\$aW2003-0365$c20200305$lBLL01$h1101
=FIN  \\$aY$d20170509
=SID  \\$aZ30$bOCLC
=SRC  \\$aJapanKnowledge_2017$bJK_OCLC20170203.mrc
=LAS  \\$aW2003-0365$b00$c20200305$lBLL01$h1101

