=LDR  03034 am a22007457a 4500
=001  018338448
=003  Uk
=005  20170106043203.0
=006  m\\\\\o\\d\\\\\\\\
=007  cr\|||||||||||
=008  101107s1965\\\\ja\ac\\\o\\\\\000\0ajpn\d
=FMT  \\$a  BK
=019  \\$a639388095
=035  \\$a(OCoLC)679440193$z(OCoLC)639388095
=040  \\$aOCLCE$beng$cOCLCE$dOCLCQ$dCUS$dOCLCQ$dOCLCO$dOCLCQ$dOCLCO$dOCLCF$dYUS$dOCLCO$dYUS$dOCLCO$dOCLCQ$dYUS$dOCLCO$dUk$epn
=042  \\$adlr
=043  \\$aa-ja---$aa-cc---
=050  \4$aDS885.5.N48$bA3
=100  1\$6880-01$aNishihara, Kamezō,$d1872-1954
=245  10$6880-02$aYume no shichijūyonen :$bNishihara Kamezō jiden /$cKitamura Hironao hen.
=246  3\$6880-03$aYume no 70-yonen
=246  3\$6880-04$aYume no nanajūyonen
=246  30$6880-05$aNishihara Kamezō jiden
=250  \\$6880-06$aShohan.
=260  \\$6880-07$aTōkyō :$bHeibonsha,$cShōwa 40 [1965]
=300  \\$a1 online resource (4, 288 pages) :$billustrations, portraits.
=336  \\$atext$btxt$2rdacontent
=337  \\$acomputer$bc$2rdamedia
=338  \\$aonline resource$bcr$2rdacarrier
=490  1\$6880-08$aTōyō bunko ;$v40
=588  0\$aPrint version record.
=600  10$6880-09$aNishihara, Kamezō,$d1872-1954
=600  17$aNishihara, Kamezō,$d1872-1954$2fast$0(OCoLC)fst00122000
=650  \7$aDiplomatic relations.$2fast$0(OCoLC)fst01907412
=651  \0$aChina$xForeign relations$zJapan.
=651  \0$aJapan$xForeign relations$zChina.
=651  \7$aChina.$2fast$0(OCoLC)fst01206073
=651  \7$aJapan.$2fast$0(OCoLC)fst01204082
=700  1\$6880-10$aKitamura, Hironao,$d1919-1989
=700  1\$6880-11$aMurashima, Nagisa.
=773  0\$tJapanKnowledge
=776  08$iPrint version:$aNishihara, Kamezō, 1872-1954.$tYume no shichijūyonen.$bShohan.$dTōkyō : Heibonsha, Shōwa 40 [1965]
=830  \0$6880-12$aTōyō bunko$v40.
=856  40$3JapanKnowledge$uhttp://japanknowledge.com/lib/display/?lid=80010V0040P0002$yJapanKnowledge Lib
=880  1\$6100-01/{dollar}1$a西原亀三,$d1872-1954.
=880  10$6245-02/{dollar}1$a夢の七十余年 :$b西原亀三自伝 /$c北村敬直編.
=880  3\$6246-03/{dollar}1$a夢の 70余年
=880  3\$6246-04/{dollar}1$a夢の七十余年
=880  30$6246-05/{dollar}1$a西原亀三自伝
=880  \\$6250-06/{dollar}1$a初版.
=880  \\$6260-07/{dollar}1$a東京 :$b平凡社,$c昭和 40 [1965]
=880  1\$6490-08/{dollar}1$a東洋文庫 ;$v40
=880  14$6600-09/{dollar}1$a西原亀三,$d1873-1954.
=880  1\$6700-10/{dollar}1$a北村敬直,$d1919-1989.
=880  1\$6700-11/{dollar}1$a村島渚.
=880  \0$6830-12/{dollar}1$a東洋文庫 ;$v40.
=859  \\$aORR$bJapanKnowledge
=CAT  \\$aW1704-1242$b00$c20170509$lBLL01$h0927
=CAT  \\$aBATCH-UPD$b00$c20170509$lBLL01$h0937
=CAT  \\$aBATCH-UPD$b00$c20170509$lBLL01$h0940
=CAT  \\$aW2003-0365$c20200305$lBLL01$h1101
=FIN  \\$aY$d20170509
=SID  \\$aZ30$bOCLC
=SRC  \\$aJapanKnowledge_2017$bJK_OCLC20170203.mrc
=LAS  \\$aW2003-0365$b00$c20200305$lBLL01$h1101

