=LDR  02794 am a22007097a 4500
=001  018338449
=003  Uk
=005  20170106043204.0
=006  m\\\\\o\\d\\\\\\\\
=007  cr\|||||||||||
=008  100626s1969\\\\ja\ac\\\ob\\\\001\0\jpn\d
=FMT  \\$a  BK
=019  \\$a300653916
=020  \\$z4582801331
=020  \\$z9784582801330
=035  \\$a(OCoLC)643735436$z(OCoLC)300653916
=040  \\$aOCLCE$beng$cOCLCE$dOCLCQ$dCUS$dOCLCO$dOCLCF$dYUS$dOCLCO$dYUS$dOCLCO$dOCLCQ$dOCLCO$dYUS$dOCLCO$dUk$epn
=042  \\$adlr
=043  \\$aa-ja---
=050  \4$aRC112$b.F84 1969
=100  1\$6880-01$aFujikawa, Yū.
=245  10$6880-02$aNihon shippeishi /$cFujikawa Yū cho ; Matsuda Michio kaisetsu.
=250  \\$6880-03$aShohan.
=260  \\$6880-04$aTōkyō :$bHeibonsha,$c1969$g(1988 printing)
=300  \\$a1 online resource ([2], 19, 343, 8 pages) :$billustrations, portraits.
=336  \\$atext$btxt$2rdacontent
=337  \\$acomputer$bc$2rdamedia
=338  \\$aonline resource$bcr$2rdacarrier
=490  1\$6880-05$aTōyō bunko ;$v133
=504  \\$aIncludes bibliographical references and index.
=588  0\$aPrint version record.
=650  \0$aCommunicable diseases$zJapan$xHistory.
=650  \7$6880-06$aIgaku$xRekishi.$2jlabsh
=650  \7$6880-07$aShippei$xRekishi.$2ndlsh
=650  \7$6880-08$aShippei$xRekishi.$2ndlsh
=650  \7$aCommunicable diseases.$2fast$0(OCoLC)fst00869883
=651  \7$aJapan.$2fast$0(OCoLC)fst01204082
=655  \7$aHistory.$2fast$0(OCoLC)fst01411628
=700  1\$6880-09$aMatsuda, Michio,$d1908-1998
=773  0\$tJapanKnowledge
=776  08$iPrint version:$aFujikawa, Yū.$tNihon shippeishi.$bShohan.$dTōkyō : Heibonsha, 1969
=830  \0$6880-10$aTōyō bunko$v133.
=856  40$3JapanKnowledge$uhttp://japanknowledge.com/lib/display/?lid=80010V0133P0002$yJapanKnowledge Lib
=880  1\$6100-01/{dollar}1$a富士川游.
=880  10$6245-02/{dollar}1$a日本疾病史 /$c富士川游著 ; 松田道雄解說.
=880  \\$6250-03/{dollar}1$a初版.
=880  \\$6260-04/{dollar}1$a東京 :$b平凡社,$c1969$g(1988 printing)
=880  1\$6490-05/{dollar}1$a東洋文庫 ;$v133
=880  \7$6650-06/{dollar}1$a医学$x歴史.$2jlabsh
=880  \7$6650-07/{dollar}1$a疾病$x歴史.$2ndlsh
=880  \7$6650-08/{dollar}1$a疾病$x歴史.$2ndlsh
=880  1\$6700-09/{dollar}1$a松田道雄,$d1908-1998.
=880  \0$6830-10/{dollar}1$a東洋文庫 ;$v133.
=859  \\$aORR$bJapanKnowledge
=CAT  \\$aW1704-1242$b00$c20170509$lBLL01$h0927
=CAT  \\$aBATCH-UPD$b00$c20170509$lBLL01$h0937
=CAT  \\$aBATCH-UPD$b00$c20170509$lBLL01$h0940
=CAT  \\$aW2003-0365$c20200305$lBLL01$h1101
=FIN  \\$aY$d20170509
=SID  \\$aZ30$bOCLC
=SRC  \\$aJapanKnowledge_2017$bJK_OCLC20170203.mrc
=LAS  \\$aW2003-0365$b00$c20200305$lBLL01$h1101

