=LDR  02883 am a2200721 a 4500
=001  018338450
=003  Uk
=005  20170106043204.0
=006  m\\\\\o\\d\\\\\\\\
=007  cr\un|||||||||
=008  120329s1997\\\\ja\\\\\\ob\\\\000\0\jpn\d
=FMT  \\$a  BK
=020  \\$z4582806139$q(v. 1)
=020  \\$z4582806163$q(v. 2)
=020  \\$z4582806201$q(v. 3)
=020  \\$z9784582806137$q(v. 1)
=020  \\$z9784582806168$q(v. 2)
=020  \\$z9784582806205$q(v. 3)
=035  \\$a(OCoLC)781971431
=040  \\$aCUS$beng$cCUS$dOCLCQ$dOCLCF$dYUS$dOCLCQ$dOCLCO$dYUS$dOCLCO$dOCLCQ$dYUS$dOCLCO$dUk
=043  \\$aa-ja---
=050  14$aDS855.3$b.Y366 1997
=100  1\$6880-01$aHashimoto, Masukichi.
=245  10$6880-02$aYamataikoku ronkō /$cHashimoto Masukichi cho ; Saeki Arikiyo kaisetsu.
=250  \\$6880-03$aShohan.
=260  \\$6880-04$aTōkyō :$bHeibonsha,$c1997.
=300  \\$a1 online resource (3 volumes).
=336  \\$atext$btxt$2rdacontent
=337  \\$acomputer$bc$2rdamedia
=338  \\$aonline resource$bcr$2rdacarrier
=490  1\$6880-05$aTōyō bunko ;$v613, 616, 620
=504  \\$aIncludes bibliographical references.
=588  0\$aPrint version record.
=648  \7$aTo 645$2fast
=650  07$6880-06$aYamataikoku.$2jlabsh/3
=651  \0$aJapan$xHistory$yTo 645.
=651  \0$aYamatai (Japan)
=651  \7$aJapan$zYamatai.$2fast$0(OCoLC)fst01243797
=651  \7$aJapan.$2fast$0(OCoLC)fst01204082
=655  \7$aHistory.$2fast$0(OCoLC)fst01411628
=700  1\$6880-07$aSaeki, Arikiyo.
=773  0\$tJapanKnowledge
=776  08$iPrint version:$aHashimoto, Masukichi.$tYamataikoku ronkō.$bShohan.$dTōkyō : Heibonsha, 1997$z4582806139
=830  \0$6880-08$aTōyō bunko$v613, 616, 620.
=856  40$3JapanKnowledge Volume 3$uhttp://japanknowledge.com/lib/display/?lid=80010V0620P0002$yJapanKnowledge Lib
=856  40$3JapanKnowledge Volume 1$uhttp://japanknowledge.com/lib/display/?lid=80010V0613P0002$yJapanKnowledge Lib
=856  40$3JapanKnowledge Volume 2$uhttp://japanknowledge.com/lib/display/?lid=80010V0616P0002$yJapanKnowledge Lib
=880  1\$6100-01/{dollar}1$a橋本增吉.
=880  10$6245-02/{dollar}1$a邪馬臺国論考 /$c橋本增吉著 ; 佐伯有清解說.
=880  \\$6250-03/{dollar}1$a初版.
=880  \\$6260-04/{dollar}1$a東京 :$b平凡社,$c1997.
=880  1\$6490-05/{dollar}1$a東洋文庫 ;$v613, 616, 620
=880  07$6650-06/{dollar}1$a邪馬台国.$2jlabsh/3
=880  1\$6700-07/{dollar}1$a佐伯有清.
=880  \0$6830-08/{dollar}1$a東洋文庫 ;$v613, 616, 620.
=859  \\$aORR$bJapanKnowledge
=CAT  \\$aW1704-1242$b00$c20170509$lBLL01$h0927
=CAT  \\$aBATCH-UPD$b00$c20170509$lBLL01$h0937
=CAT  \\$aW2003-0365$c20200305$lBLL01$h1101
=FIN  \\$aY$d20170509
=SID  \\$aZ30$bOCLC
=SRC  \\$aJapanKnowledge_2017$bJK_OCLC20170203.mrc
=LAS  \\$aW2003-0365$b00$c20200305$lBLL01$h1101

