=LDR  02619 am a22006497a 4500
=001  018338451
=003  Uk
=005  20170106043204.0
=006  m\\\\\o\\d\\\\\\\\
=007  cr\|||||||||||
=008  101110s1994\\\\ja\\\\\\ob\\\\000\0\jpn\d
=FMT  \\$a  BK
=019  \\$a297773471$a646041799
=020  \\$z4582805752
=020  \\$z9784582805758
=035  \\$a(OCoLC)680544470$z(OCoLC)297773471$z(OCoLC)646041799
=040  \\$aOCLCE$beng$cOCLCE$dOCLCQ$dCUS$dOCLCQ$dOCLCF$dOCLCO$dYUS$dOCLCO$dYUS$dOCLCO$dOCLCQ$dOCLCO$dYUS$dOCLCO$dUk$epn
=041  0\$ajpn$achi
=042  \\$adlr
=050  \4$aPL2471.Z6$bO48 1994
=100  1\$6880-01$aOgyū, Sorai,$d1666-1728
=245  10$6880-02$aRongo chō /$cOgyū Sorai ; Ogawa Tamaki yakuchū.
=250  \\$6880-03$aShohan.
=260  \\$6880-04$aTōkyō :$bHeibonsha,$c1994.
=300  \\$a1 online resource (2 volumes).
=336  \\$atext$btxt$2rdacontent
=337  \\$acomputer$bc$2rdamedia
=338  \\$aonline resource$bcr$2rdacarrier
=490  1\$6880-05$aTōyō bunko ;$v575-576
=504  \\$aIncludes bibliographical references.
=588  0\$aPrint version record.
=600  00$6880-06.$aConfucius.$tLun yu.
=630  07$aLun yu (Confucius)$2fast$0(OCoLC)fst01360786
=700  1\$6880-07$aOgawa, Tamaki,$d1910-1993
=700  02$6880-08.$aConfucius.$tLun yu.$lJapanese & Chinese.
=773  0\$tJapanKnowledge
=776  08$iPrint version:$aOgyū, Sorai, 1666-1728.$tRongo chō.$bShohan.$dTōkyō : Heibonsha, 1994
=830  \0$6880-09$aTōyō bunko$v575-576.
=856  40$3JapanKnowledge Volume 1$uhttp://japanknowledge.com/lib/display/?lid=80010V0575P0002$yJapanKnowledge Lib
=856  40$3JapanKnowledge Volume 2$uhttp://japanknowledge.com/lib/display/?lid=80010V0576P0002$yJapanKnowledge Lib
=880  1\$6100-01/{dollar}1$a荻生徂徕,$d1666-1728.
=880  10$6245-02/{dollar}1$a論語徴 /$c荻生徂徕 ; 小川環樹訳注.
=880  \\$6250-03/{dollar}1$a初版.
=880  \\$6260-04/{dollar}1$a東京 :$b平凡社,$c1994.
=880  1\$6490-05/{dollar}1$a東洋文庫 ;$v575-576
=880  04$6600-06/{dollar}1$aConfucius.$t論語.
=880  1\$6700-07/{dollar}1$a小川環樹,$d1910-1993.
=880  02$6700-08/{dollar}1$aConfucius.$t論語.$lJapanese & Chinese.
=880  \0$6830-09/{dollar}1$a東洋文庫 ;$v575-576.
=859  \\$aORR$bJapanKnowledge
=CAT  \\$aW1704-1242$b00$c20170509$lBLL01$h0927
=CAT  \\$aBATCH-UPD$b00$c20170509$lBLL01$h0937
=CAT  \\$aW2003-0365$c20200305$lBLL01$h1101
=FIN  \\$aY$d20170509
=SID  \\$aZ30$bOCLC
=SRC  \\$aJapanKnowledge_2017$bJK_OCLC20170203.mrc
=LAS  \\$aW2003-0365$b00$c20200305$lBLL01$h1101

