=LDR  02483 am a22006254i 4500
=001  018338452
=003  Uk
=005  20170106043205.0
=006  m\\\\\o\\d\\\\\\\\
=007  cr\|||||||||||
=008  151113s1979\\\\ja\\\\\\o\\\\\000\0\jpn\d
=FMT  \\$a  BK
=035  \\$a(OCoLC)929028662
=040  \\$aWTU$beng$cYUS$dOCLCO$dYUS$dOCLCO$dOCLCF$dOCL$dUk$erda$epn
=041  1\$ajpn$hfre
=100  1\$aNiel, Fernand,$eauthor.
=240  10$aAlbigeois et cathares.$lJapanese
=245  10$6880-01$aItan Katari-ha /$cFerunan Nīru cho ; Watanabe Masami yaku.
=264  \1$6880-02$aTōkyō :$bHakusuisha,$c1979.
=300  \\$a1 online resource.
=336  \\$atext$btxt$2rdacontent
=337  \\$acomputer$bc$2rdamedia
=338  \\$aonline resource$bcr$2rdacarrier
=490  1\$6880-03$aBunko kuseju ;$v625
=588  \\$aDescription based on print version.
=648  \7$a600-1515$2fast
=650  \0$aAlbigenses.
=650  \0$aChristian heresies$zFrance$zLanguedoc$xHistory$yMiddle Ages, 600-1500.
=650  \7$aAlbigenses.$2fast$0(OCoLC)fst00804195
=650  \7$aChristian heresies$xMiddle Ages.$2fast$0(OCoLC)fst01906878
=651  \0$aFrance$xChurch history$y987-1515.
=651  \7$aFrance.$2fast$0(OCoLC)fst01204289
=651  \7$aFrance$zLanguedoc.$2fast$0(OCoLC)fst01210196
=655  \7$aChurch history.$2fast$0(OCoLC)fst01411629
=655  \7$aHistory.$2fast$0(OCoLC)fst01411628
=700  1\$6880-04,$aWatanabe, Masami,$d1930-$etranslator.
=700  1\$iTranslation of:$aNiel, Fernand.$tAlbigeois et cathares.
=773  0\$tJapanKnowledge
=776  08$iPrint version:$tItan katariha
=830  \0$6880-05$aBunko kuseju$v625.
=856  40$3JapanKnowledge$uhttp://japanknowledge.com/lib/display/?lid=8021006250000$yJapanKnowledge Lib
=880  10$6245-01/{dollar}1$a異端カタリ派 /$cフェルナン・ニール著 ; 渡辺昌美訳.
=880  \1$6264-02/{dollar}1$a東京 :$b白水社,$c1979.
=880  1\$6490-03/{dollar}1$a文庫クセジュ ;$v625
=880  1\$6700-04/{dollar}1$a渡辺昌美,$d1930-$etranslator.
=880  \0$6830-05/{dollar}1$a文庫クセジュ ;$v625.
=859  \\$aORR$bJapanKnowledge
=CAT  \\$aW1704-1242$b00$c20170509$lBLL01$h0927
=CAT  \\$aBATCH-UPD$b00$c20170509$lBLL01$h0937
=CAT  \\$aBATCH-UPD$b00$c20170509$lBLL01$h0940
=CAT  \\$aW2003-0365$c20200305$lBLL01$h1101
=FIN  \\$aY$d20170509
=SID  \\$aZ30$bOCLC
=SRC  \\$aJapanKnowledge_2017$bJK_OCLC20170203.mrc
=LAS  \\$aW2003-0365$b00$c20200305$lBLL01$h1101

