=LDR  03228 am a22007337i 4500
=001  018338453
=003  Uk
=005  20170106043205.0
=006  m\\\\\o\\d\\\\\\\\
=007  cr\|||||||||||
=008  100315s1975\\\\ja\\\\\\ob\\\\000\0\jpn\d
=FMT  \\$a  BK
=019  \\$a300956864
=035  \\$a(OCoLC)556252663$z(OCoLC)300956864
=040  \\$aOCLCE$beng$cOCLCE$dOCLCQ$dCUS$dOCLCA$dOCLCQ$dOCLCF$dOCLCO$dOCL$dOCLCO$dOCLCA$dYUS$dOCLCO$dYUS$dOCLCO$dOCL$dOCLCQ$dOCLCO$dYUS$dOCLCO$dUk$epn
=042  \\$adlr
=043  \\$aa-cc---
=050  \4$aHC427.8$b.S87 1975
=100  1\$6880-01$aSuzue, Gen'ichi,$d1894-1945
=245  10$6880-02$aChūgoku kakumei no kaikyū tairitsu /$cSuzue Gen'ichi ; Sakatani Yoshinao kōtei.
=250  \\$6880-03$aShohan.
=260  \\$6880-04$aTōkyō :$bHeibonsha,$cShōwa 50 [1975]
=300  \\$a1 online resource (2 volumes).
=336  \\$atext$btxt$2rdacontent
=337  \\$acomputer$bc$2rdamedia
=338  \\$aonline resource$bcr$2rdacarrier
=490  1\$6880-05$aTōyō bunko ;$v272, etc.
=504  \\$aIncludes bibliographical references (v. 2, pages 189-196).
=588  0\$aPrint version record.
=648  \7$a1912-1949$2fast
=650  \0$aWorking class$zChina$xHistory.
=650  \7$aEconomic history.$2fast$0(OCoLC)fst00901974
=650  \7$aPolitics and government$2fast$0(OCoLC)fst01919741
=650  \7$aWorking class.$2fast$0(OCoLC)fst01180418
=651  \0$aChina$xEconomic conditions$y1912-1949.
=651  \0$aChina$xPolitics and government$y1912-1949.
=651  \7$aChina.$2fast$0(OCoLC)fst01206073
=655  \7$aHistory.$2fast$0(OCoLC)fst01411628
=700  1\$6880-06$aSakatani, Yoshinao,$d1920-2001
=700  1\$6880-07.$aSuzue, Gen'ichi,$d1894-1945$tShina kakumei no kaikyū tairitsu.
=740  0\$6880-08$aShina kakumei no kaikyū tairitsu.
=773  0\$tJapanKnowledge
=776  08$iPrint version:$aSuzue, Gen'ichi, 1894-1945.$tChūgoku kakumei no kaikyū tairitsu.$dTōkyō : Heibonsha, Shōwa 50 [1975]
=830  \0$6880-09$aTōyō bunko$v272, etc.
=856  40$3JapanKnowledge Volume 1$uhttp://japanknowledge.com/lib/display/?lid=80010V0272P0002$yJapanKnowledge Lib
=856  40$3JapanKnowledge Volume 2$uhttp://japanknowledge.com/lib/display/?lid=80010V0275P0002$yJapanKnowledge Lib
=880  1\$6100-01/{dollar}1$a鈴江言一,$d1894-1945.
=880  10$6245-02/{dollar}1$a中国革命の階級対立 /$c鈴江言一 ; 阪谷芳直校訂.
=880  \\$6250-03/{dollar}1$a初版.
=880  \\$6260-04/{dollar}1$a東京 :$b平凡社,$c昭和50 [1975]
=880  1\$6490-05/{dollar}1$a東洋文庫 ;$v272, etc.
=880  1\$6700-06/{dollar}1$a阪谷芳直,$d1920-
=880  1\$6700-07/{dollar}1$a鈴江言一,$d1894-1945.$t支那革命の階級対立.
=880  0\$6740-08/{dollar}1$a支那革命の階級対立.
=880  \0$6830-09/{dollar}1$a東洋文庫 ;$v272, etc.
=859  \\$aORR$bJapanKnowledge
=CAT  \\$aW1704-1242$b00$c20170509$lBLL01$h0927
=CAT  \\$aBATCH-UPD$b00$c20170509$lBLL01$h0937
=CAT  \\$aBATCH-UPD$b00$c20170509$lBLL01$h0940
=CAT  \\$aW2003-0365$c20200305$lBLL01$h1101
=FIN  \\$aY$d20170509
=SID  \\$aZ30$bOCLC
=SRC  \\$aJapanKnowledge_2017$bJK_OCLC20170203.mrc
=LAS  \\$aW2003-0365$b00$c20200305$lBLL01$h1101

