=LDR  02108 am a22005534i 4500
=001  018338454
=003  Uk
=005  20170106043205.0
=006  m\\\\\o\\d\\\\\\\\
=007  cr\|||||||||||
=008  151214s1971\\\\ja\\\\\\o\\\\\000\0\jpn\d
=FMT  \\$a  BK
=035  \\$a(OCoLC)932129186
=040  \\$aCNEAL$beng$cYUS$dOCLCO$dOCLCF$dOCLCO$dOCL$dUk$erda$epn
=041  1\$ajpn$hfre
=050  \4$aPQ526$b.A3165 1971
=100  1\$aAdam, Antoine,$eauthor.
=240  10$aTȟ́tre classique.$lJapanese
=245  10$6880-01$aFuransu kotengeki /$cAntowānu Adan cho ; Konno Kazuo yaku.
=264  \1$6880-02$aTōkyō :$bHakusuisha,$c1971.
=300  \\$a1 online resource.
=336  \\$atext$btxt$2rdacontent
=337  \\$acomputer$bc$2rdamedia
=338  \\$aonline resource$bcr$2rdacarrier
=490  1\$6880-03$aBunko kuseju ;$v492
=500  \\$aTranslation of: Le tȟ́tre classique.
=588  \\$aDescription based on print version.
=648  \7$a1600-1699$2fast
=650  \0$aFrench drama$y17th century$xHistory and criticism.
=650  \7$aFrench drama.$2fast$0(OCoLC)fst00934265
=655  \7$aCriticism, interpretation, etc.$2fast$0(OCoLC)fst01411635
=700  1\$6880-04$aKonno, Kazuo,$d1908-
=773  0\$tJapanKnowledge
=776  08$iPrint version:$tFuransu kotengeki.
=830  \0$6880-05$aBunko kuseju$v492.
=856  40$3JapanKnowledge$uhttp://japanknowledge.com/lib/display/?lid=8021004920000$yJapanKnowledge Lib
=880  10$6245-01/{dollar}1$aフランス古典劇 /$cアントワーヌ・アダン著 ; 今野一雄訳.
=880  \1$6264-02/{dollar}1$a東京 :$b白水社,$c1971.
=880  1\$6490-03/{dollar}1$a文庫クセジュ ;$v492
=880  1\$6700-04/{dollar}1$a今野一雄,$d1908-
=880  \0$6830-05/{dollar}1$a文庫クセジュ ;$v492.
=859  \\$aORR$bJapanKnowledge
=CAT  \\$aW1704-1242$b00$c20170509$lBLL01$h0927
=CAT  \\$aBATCH-UPD$b00$c20170509$lBLL01$h0937
=CAT  \\$aW2003-0365$c20200305$lBLL01$h1101
=FIN  \\$aY$d20170509
=SID  \\$aZ30$bOCLC
=SRC  \\$aJapanKnowledge_2017$bJK_OCLC20170203.mrc
=LAS  \\$aW2003-0365$b00$c20200305$lBLL01$h1101

