=LDR  02780 am a22006617i 4500
=001  018338455
=003  Uk
=005  20170106043206.0
=006  m\\\\\o\\d\\\\\\\\
=007  cr\|||||||||||
=008  100629s1979\\\\ja\af\\\ob\\\\000\0\jpn\d
=FMT  \\$a  BK
=019  \\$a300852592
=035  \\$a(OCoLC)644844471$z(OCoLC)300852592
=040  \\$aOCLCE$beng$cOCLCE$dCUS$dOCLCQ$dOCLCO$dOCLCQ$dOCLCF$dOCLCO$dYUS$dOCLCO$dYUS$dOCLCO$dOCLCQ$dYUS$dOCLCO$dUk$epn
=041  1\$ajpn$heng
=042  \\$adlr
=043  \\$aa-cc-su$ae-urs--
=050  \4$aDS793.S62$bL2817
=100  1\$aLattimore, Eleanor Holgate,$d1895-1970.
=240  10$aTurkestan reunion.$lJapanese
=245  10$6880-01$aTorukisutan no saikai /$cErinoa Ratimoa ; Hara Motoko yaku.
=250  \\$6880-02$aShohan.
=260  \\$6880-03$aTōkyō :$bHeibonsha,$c1979.
=300  \\$a1 online resource (viii, 310 pages, [1] leaf of plates) :$billustrations.
=336  \\$atext$btxt$2rdacontent
=337  \\$acomputer$bc$2rdamedia
=338  \\$aonline resource$bcr$2rdacarrier
=490  1\$6880-04$aTōyō bunko ;$v358
=504  \\$aIncludes bibliographical references (page 310).
=588  0\$aPrint version record.
=600  10$aLattimore, Eleanor Holgate,$d1895-1970.
=600  17$aLattimore, Eleanor Holgate,$d1895-1970$2fast$0(OCoLC)fst00047841
=650  \7$aTravel.$2fast$0(OCoLC)fst01155558
=651  \0$aSiberia (Russia)$xDescription and travel.
=651  \0$aXinjiang Uygur Zizhiqu (China)$xDescription and travel.
=651  \7$aChina$zXinjiang Uygur Zizhiqu.$2fast$0(OCoLC)fst01212006
=651  \7$aRussia (Federation)$zSiberia.$2fast$0(OCoLC)fst01243666
=700  1\$6880-05$aHara, Motoko,$d1912-1987
=773  0\$tJapanKnowledge
=776  08$iPrint version:$aLattimore, Eleanor Holgate, 1895-1970.$sTurkestan reunion. Japanese.$tTorukisutan no saikai.$dTōkyō : Heibonsha, 1979
=830  \0$6880-06$aTōyō bunko$v358.
=856  40$3JapanKnowledge$uhttp://japanknowledge.com/lib/display/?lid=80010V0358P0002$yJapanKnowledge Lib
=880  10$6245-01/{dollar}1$aトルキスタンの再会 /$cエリノア・ラティモア ; 原もと子訳.
=880  \\$6250-02/{dollar}1$a初版.
=880  \\$6260-03/{dollar}1$a東京 :$b平凡社,$c1979.
=880  1\$6490-04/{dollar}1$a東洋文庫 ;$v358
=880  1\$6700-05/{dollar}1$a原もと子,$d1912-1987.
=880  \0$6830-06/{dollar}1$a東洋文庫 ;$v358.
=859  \\$aORR$bJapanKnowledge
=CAT  \\$aW1704-1242$b00$c20170509$lBLL01$h0927
=CAT  \\$aBATCH-UPD$b00$c20170509$lBLL01$h0937
=CAT  \\$aBATCH-UPD$b00$c20181010$lBLL01$h1319
=CAT  \\$aW2003-0365$c20200305$lBLL01$h1101
=FIN  \\$aY$d20170509
=SID  \\$aZ30$bOCLC
=SRC  \\$aJapanKnowledge_2017$bJK_OCLC20170203.mrc
=LAS  \\$aW2003-0365$b00$c20200305$lBLL01$h1101

