=LDR  02107 am a22005654i 4500
=001  018338456
=003  Uk
=005  20170106043206.0
=006  m\\\\\o\\d\\\\\\\\
=007  cr\|||||||||||
=008  151113s2003\\\\ja\\\\\\o\\\\\000\0\jpn\d
=FMT  \\$a  BK
=020  \\$z4560058660
=020  \\$z9784560058664
=035  \\$a(OCoLC)929030529
=040  \\$aYUS$beng$cYUS$dYUS$dOCLCO$dOCLCF$dUk$erda$epn
=041  1\$ajpn$hfre
=245  00$6880-01$aTōshijutsu :$byogen to uranai no rekishi /$cJozefu Desuāru, Aniku Desuāru cho ; Abe Shizuko, Sasamoto Takashi yaku.
=264  \1$6880-02$aTōkyō :$bHakusuisha,$c2003.
=300  \\$a1 online resource.
=336  \\$atext$btxt$2rdacontent
=337  \\$acomputer$bc$2rdamedia
=338  \\$aonline resource$bcr$2rdacarrier
=490  1\$6880-03$aBunko kuseju ;$v866
=588  \\$aDescription based on print version.
=650  \0$aClairvoyance.
=650  \7$aClairvoyance.$2fast$0(OCoLC)fst00863215
=700  1\$6880-04$aAbe, Shizuko.
=700  1\$6880-05$aSasamoto, Takashi.
=700  1\$aDessuart, Annick.
=700  1\$aDessuart, Joseph.
=730  0\$aVoyance.
=773  0\$tJapanKnowledge
=776  08$iPrint version:$tTōshijutsu.
=830  \0$6880-06$aBunko kuseju$v866.
=856  40$3JapanKnowledge$uhttp://japanknowledge.com/lib/display/?lid=8021008660000$yJapanKnowledge Lib
=880  00$6245-01/{dollar}1$a透視術 :$b予言と占いの歴史 /$cジョゼフ・デスアール, アニク・デスアール著 ; 阿部静子, 笹本孝訳.
=880  \1$6264-02/{dollar}1$a東京 :$b白水社,$c2003.
=880  1\$6490-03/{dollar}1$a文庫クセジュ ;$v866
=880  1\$6700-04/{dollar}1$a阿部静子.
=880  1\$6700-05/{dollar}1$a笹本孝.
=880  \0$6830-06/{dollar}1$a文庫クセジュ ;$v866.
=859  \\$aORR$bJapanKnowledge
=CAT  \\$aW1704-1242$b00$c20170509$lBLL01$h0927
=CAT  \\$aBATCH-UPD$b00$c20170509$lBLL01$h0937
=CAT  \\$aW2003-0365$c20200305$lBLL01$h1101
=FIN  \\$aY$d20170509
=SID  \\$aZ30$bOCLC
=SRC  \\$aJapanKnowledge_2017$bJK_OCLC20170203.mrc
=LAS  \\$aW2003-0365$b00$c20200305$lBLL01$h1101

