=LDR  02662 am a22006374i 4500
=001  018338457
=003  Uk
=005  20170106043206.0
=006  m\\\\\o\\d\\\\\\\\
=007  cr\|||||||||||
=008  151112s2003\\\\ja\a\\\\od\\\\000\0\eng\d
=FMT  \\$a  BK
=020  \\$z4095102047
=020  \\$z4095102144
=020  \\$z9784095102047
=020  \\$z9784095102146
=035  \\$a(OCoLC)928950204
=040  \\$aYUS$beng$cYUS$dOCLCO$dYUS$dOCLCO$dOCLCQ$dUk$erda$epn
=041  0\$ajpn$aeng
=050  \4$aPL679$b.S56 2003
=245  00$6880-01$aShogakukan progressive English-Japanese dictionary =$bShōgakukan puroguresshibu Ei-Wa chūjiten /$chenshū shukan Kunihiro Tetsuya, Yasui Minoru, Horiuchi Katsuaki.
=246  3\$6880-02$aE-puroguresshibu Ei-Wa chūjiten
=246  31$aProgressive English-Japanese dictionary
=246  31$aShōgakukan puroguresshibu Ei-Wa chūjiten
=264  \1$6880-03$aTokyo :$bShogakukan,$c2003.
=300  \\$a1 online resource
=336  \\$atext$btxt$2rdacontent
=337  \\$acomputer$bc$2rdamedia
=338  \\$aonline resource$bcr$2rdacarrier
=588  0\$aPrint version.
=650  \0$aEnglish language$vDictionaries$xJapanese.
=650  \0$aJapanese language$vDictionaries$xEnglish.
=650  \7$aEnglish language.$2fast$0(OCoLC)fst00910920
=650  \7$aJapanese language.$2fast$0(OCoLC)fst00981565
=655  \7$aDictionaries.$2fast$0(OCoLC)fst01423826
=700  1\$6880-04$aKunihiro, Tetsuya,$d1929-
=700  1\$6880-05$aYasui, Minoru,$d1921-
=700  1\$6880-06$aHoriuchi, Katsuaki,$d1931-
=773  0\$tJapanKnowledge
=776  08$iPrint version:$tShogakukan progressive English-Japanese dictionary
=856  40$3JapanKnowledge$uhttp://japanknowledge.com/lib/search/basic/?cids=40020$yJapanKnowledge Lib
=880  00$6245-01/{dollar}1$a小学館プログレッシブ英和中辞典 =$bShogakukan progressive English-Japanese dictionary /$c編集主幹國廣哲彌, 安井稔, 堀内克明 ; 編集委員池上嘉彦 [and others].
=880  3\$6246-02/{dollar}1$aE-プログレッシブ英和中辞典
=880  \1$6264-03/{dollar}1$a東京 :$b小学館,$c2003.
=880  1\$6700-04/{dollar}1$a國廣哲彌,$d1929-
=880  1\$6700-05/{dollar}1$a安井稔,$d1921-
=880  1\$6700-06/{dollar}1$a堀内克明,$d1931-
=859  \\$aORR$bJapanKnowledge
=CAT  \\$aW1704-1242$b00$c20170509$lBLL01$h0927
=CAT  \\$aBATCH-UPD$b00$c20170509$lBLL01$h0937
=CAT  \\$aBATCH-UPD$b00$c20170509$lBLL01$h0940
=CAT  \\$aW2003-0365$c20200305$lBLL01$h1101
=FIN  \\$aY$d20170509
=SID  \\$aZ30$bOCLC
=SRC  \\$aJapanKnowledge_2017$bJK_OCLC20170203.mrc
=LAS  \\$aW2003-0365$b00$c20200305$lBLL01$h1101

