=LDR  03298 am a2200757 a 4500
=001  018338458
=003  Uk
=005  20180911175508.0
=006  m\\\\\o\\d\\\\\\\\
=007  cr\un|||||||||
=008  120131s1971\\\\ja\ag\\\ob\\\\000\0\jpn\d
=FMT  \\$a  BK
=020  \\$z4582801889
=020  \\$z9784582801880
=035  \\$a(OCoLC)774626677
=040  \\$aCUS$beng$cCUS$dOCLCQ$dOCLCO$dOCLCF$dYUS$dOCLCQ$dYUS$dOCLCO$dYUS$dOCLCO$dOCLCQ$dOCLCO$dYUS$dOCLCO$dUk
=043  \\$aa-ja---
=050  \4$aML340$b.J34
=100  1\$6880-01$aIzawa, Shūji,$d1851-1917
=245  10$6880-02$aYōgaku kotohajime :$bongaku torishirabe seiseki shinpōsho /$cIzawa Shūji ; Yamazumi Masami kōchū.
=246  30$6880-03$aOngaku torishirabe seiseki shinpōsho
=250  \\$6880-04$aShohan.
=260  \\$6880-05$aTōkyō :$bHeibonsha,$c1971.
=300  \\$a1 online resource (5, 354 pages) :$billustrations, music.
=336  \\$atext$btxt$2rdacontent
=337  \\$acomputer$bc$2rdamedia
=338  \\$aonline resource$bcr$2rdacarrier
=490  1\$6880-06$aTōyō bunko ;$v188
=500  \\$6880-07$aHonsho wa Ongaku Torishirabe Gakari no hōkokusho "Ongaku torishirabe shinpōsho" (1884-nen Izawa Shūji hencho) o teihon to shita.
=504  \\$aIncludes bibliographical references.
=588  0\$aPrint version record.
=610  20$6880-08$aTōkyō Ongaku Gakkō.
=610  27$aTōkyō Ongaku Gakkō$2fast$0(OCoLC)fst00644188
=650  \0$aMusic$zJapan$xHistory and criticism.
=650  07$6880-09$aOngaku-Nihon.$2jlabsh/4
=650  \7$aMusic.$2fast$0(OCoLC)fst01030269
=651  \7$aJapan.$2fast$0(OCoLC)fst01204082
=653  \\$6880-10$aOngaku kyōiku.
=655  \7$aCriticism, interpretation, etc.$2fast$0(OCoLC)fst01411635
=700  1\$aYamazumi, Masami,$d1931-2003.
=773  0\$tJapanKnowledge
=776  08$iPrint version:$aIzawa, Shūji, 1851-1917.$tYōgaku kotohajime.$bShohan.$dTōkyō : Heibonsha, 1971$z4582801889
=830  \0$6880-12$aTōyō bunko$v188.
=856  40$3JapanKnowledge$uhttp://japanknowledge.com/lib/display/?lid=80010V0188P0002$yJapanKnowledge Lib
=880  1\$6100-01/{dollar}1$a伊沢修二,$d1851-1917.
=880  10$6245-02/{dollar}1$a洋楽事始 :$b音楽取調成績申報書 /$c伊沢修二 ; 山住正已校注.
=880  30$6246-03/{dollar}1$a音楽取調成績申報書
=880  \\$6250-04/{dollar}1$a初版.
=880  \\$6260-05/{dollar}1$a東京 :$b平凡社,$c1971.
=880  1\$6490-06/{dollar}1$a東洋文庫 ;$v188
=880  \\$6500-07/{dollar}1$a本書は音楽取調係の報告書「音楽取調成績申報書」(1884年井沢修二編著)を底本とした.
=880  24$6610-08/{dollar}1$a東京音楽学校.
=880  07$6650-09/{dollar}1$a音楽-日本.$2jlabsh/4
=880  \\$6653-10/{dollar}1$a音楽敎育.
=880  1\$6700-11/{dollar}1$a山住正已,$d1931-
=880  \0$6830-12/{dollar}1$a東洋文庫 ;$v188.
=859  \\$aORR$bJapanKnowledge
=CAT  \\$aW1704-1242$b00$c20170509$lBLL01$h0927
=CAT  \\$aBATCH-UPD$b00$c20170509$lBLL01$h0937
=CAT  \\$aBATCH-UPD$b00$c20170509$lBLL01$h0940
=CAT  \\$a12666$b40$c20180911$lBLL01$h1755
=CAT  \\$aW2003-0365$c20200305$lBLL01$h1101
=FIN  \\$aY$d20170509
=SID  \\$aZ30$bOCLC
=SRC  \\$aJapanKnowledge_2017$bJK_OCLC20170203.mrc
=LAS  \\$aW2003-0365$b00$c20200305$lBLL01$h1101

