=LDR  02935 am a22006977i 4500
=001  018338459
=003  Uk
=005  20171117133408.0
=006  m\\\\\o\\d\\\\\\\\
=007  cr\un|||||||||
=008  120412s1966\\\\ja\a\\\\o\\\\\000\0\jpn\d
=FMT  \\$a  BK
=020  \\$z4582800734
=020  \\$z9784582800739
=035  \\$a(OCoLC)785649759
=040  \\$aCUS$beng$cCUS$dCUS$dOCLCQ$dOCLCF$dOCLCO$dYUS$dOCLCO$dOCLCQ$dYUS$dOCLCO$dOCLCQ$dYUS$dOCLCO$dUk
=041  1\$ajpn$hvie
=043  \\$aa-vt---
=050  \4$aDS549.P58$bV6 1966
=100  1\$6880-01$aPhan, Bội Châu,$d1867-1940
=240  10$aViệt-Nam vong quó̂c sử.$lJapanese.$f1966
=245  10$6880-02$aVetonamu bōkokushi :$bhoka /$cHan Haiju cho ; Nagaoka Shinjirō, Kawamoto Kunie hen.
=250  \\$6880-03$aShohan.
=260  \\$6880-04$aTōkyō :$bHeibonsha,$cShōwa 41 [1966]
=300  \\$a1 online resource (3, 315 pages) :$billustrations.
=336  \\$atext$btxt$2rdacontent
=337  \\$acomputer$bc$2rdamedia
=338  \\$aonline resource$bcr$2rdacarrier
=490  1\$6880-05$aTōyō bunko ;$v73
=500  \\$aTranslation of: Việt-Nam vong quó̂c sử.
=588  0\$aPrint version record.
=651  \0$aIndochina$xHistory.
=651  \0$aVietnam$xHistory.
=651  \7$aIndochina.$2fast$0(OCoLC)fst01243492
=651  \7$aVietnam.$2fast$0(OCoLC)fst01204778
=655  \7$aHistory.$2fast$0(OCoLC)fst01411628
=700  1\$6880-06$aNagaoka, Shinjirō,$d1916-
=700  1\$6880-07$aKawamoto, Kunie,$d1929-2017
=773  0\$tJapanKnowledge
=776  08$iPrint version:$aPhan, Bội Châu, 1867-1940.$sViệt-Nam vong quó̂c sử. Japanese. 1966.$tVetonamu bōkokushi.$dTōkyō : Heibonsha, Shōwa 41 [1966]$z4582800734
=830  \0$6880-08$aTōyō bunko$v73.
=856  40$3JapanKnowledge$uhttp://japanknowledge.com/lib/display/?lid=80010V0073P0002$yJapanKnowledge Lib
=880  1\$6100-01/{dollar}1$a潘佩珠,$d1867-1940.
=880  10$6245-02/{dollar}1$aヴェトナム亡国史 :$b他 /$c潘佩珠著 ; 長岡新次郎, 川本邦衛編.
=880  \\$6250-03/{dollar}1$a初版.
=880  \\$6260-04/{dollar}1$a東京 :$b平凡社,$c昭和41 [1966]
=880  1\$6490-05/{dollar}1$a東洋文庫 ;$v73
=880  0\$6505-00/{dollar}1$aヴェトナム亡国史 -- 獄中記 -- 天か帝か -- 解說 -- 潘佩珠著作解題(p. 283-289).
=880  1\$6700-06/{dollar}1$a長岡新次郎,$d1916-
=880  1\$6700-07/{dollar}1$a川本邦衛,$d1929-
=880  \0$6830-08/{dollar}1$a東洋文庫 ;$v73.
=859  \\$aORR$bJapanKnowledge
=CAT  \\$aW1704-1242$b00$c20170509$lBLL01$h0927
=CAT  \\$aBATCH-UPD$b00$c20170509$lBLL01$h0937
=CAT  \\$aBATCH-UPD$b00$c20170509$lBLL01$h0940
=CAT  \\$a9572$b40$c20171117$lBLL01$h1334
=CAT  \\$aW2003-0365$c20200305$lBLL01$h1101
=FIN  \\$aY$d20170509
=SID  \\$aZ30$bOCLC
=SRC  \\$aJapanKnowledge_2017$bJK_OCLC20170203.mrc
=LAS  \\$aW2003-0365$b00$c20200305$lBLL01$h1101

