=LDR  02577 am a22006374i 4500
=001  018338460
=003  Uk
=005  20170106043207.0
=006  m\\\\\o\\d\\\\\\\\
=007  cr\|||||||||||
=008  151117s2005\\\\ja\\\\\gob\\\\000\0\jpnod
=FMT  \\$a  BK
=020  \\$z4560508887
=020  \\$z9784560508886
=035  \\$a(OCoLC)929688358
=040  \\$aWTU$beng$cYUS$dOCLCO$dYUS$dOCLCO$dOCLCF$dUk$erda$epn
=041  1\$ajpn$hfre
=100  10$aAudrerie, Dominique,$eauthor.
=240  10$aPatrimoine mondial.$lJapanese
=245  10$6880-01$aSekai isan /$cDominikku Odoruri, Rafaeru Sushie, Ryukku Vilāru cho ; Mizushima Eiji yaku.
=264  \1$6880-02$aTōkyō :$bHakusuisha,$c2005.
=300  \\$a1 online resource.
=336  \\$atext$btxt$2rdacontent
=337  \\$acomputer$bc$2rdamedia
=338  \\$aonline resource$bcr$2rdacarrier
=490  1\$6880-03$aBunko Kuseju ;$v888
=504  \\$aIncludes bibliographical references.
=588  \\$aDescription based on print version.
=650  \0$aCultural property$xProtection.
=650  \0$aWorld Heritage areas.
=650  \0$aHistoric sites$xConservation and restoration.
=650  \7$aCultural property$xProtection.$2fast$0(OCoLC)fst00885019
=650  \7$aHistoric sites$xConservation and restoration.$2fast$0(OCoLC)fst00957852
=650  \7$aWorld Heritage areas.$2fast$0(OCoLC)fst01180729
=700  1\$6880-04,$aMizushima, Eiji,$d1956-$etranslator.
=700  1\$aSouchier, Raphaël,$eauthor.
=700  1\$aVilar, Luc,$eauthor.
=700  1\$iTranslation of:$aAudrerie, Dominique.$tLe patrimoine mondial.
=773  0\$tJapanKnowledge
=776  08$iPrint version:$tSekai isan
=830  \0$6880-05$aBunko kuseju$v888.
=856  40$3JapanKnowledge$uhttp://japanknowledge.com/lib/display/?lid=8021008880000$yJapanKnowledge Lib
=880  10$6245-01$a世界遺産 /$cドミニック・オドルリ, ラファエル・スシエ, リュック・ヴィラール著 ; 水嶋英治訳.
=880  \1$6264-02$a東京 :$b白水社,$c2005.
=880  1\$6490-03$a文庫クセジュ ;$v888
=880  1\$6700-04$a水嶋英治,$d1956-$etranslator.
=880  \0$6830-05$a文庫クセジュ ;$v888.
=859  \\$aORR$bJapanKnowledge
=CAT  \\$aW1704-1242$b00$c20170509$lBLL01$h0927
=CAT  \\$aBATCH-UPD$b00$c20170509$lBLL01$h0937
=CAT  \\$aBATCH-UPD$b00$c20170509$lBLL01$h0940
=CAT  \\$aW2003-0365$c20200305$lBLL01$h1101
=FIN  \\$aY$d20170509
=SID  \\$aZ30$bOCLC
=SRC  \\$aJapanKnowledge_2017$bJK_OCLC20170203.mrc
=LAS  \\$aW2003-0365$b00$c20200305$lBLL01$h1101

