=LDR  02390 am a22006014i 4500
=001  018338461
=003  Uk
=005  20170106043208.0
=006  m\\\\\o\\d\\\\\\\\
=007  cr\|||||||||||
=008  160115s2003\\\\ja\\\\\\ob\\\\001\0\jpn\d
=FMT  \\$a  BK
=020  \\$z4560058679
=020  \\$z9784560058671
=035  \\$a(OCoLC)934799032
=040  \\$aWTU$beng$cYUS$dOCLCO$dYUS$dOCLCO$dOCLCF$dUk$erda$epn
=041  1\$ajpn$hfre
=100  1\$aSallois, Jacques,$eauthor.
=240  10$aMusées de France.$lJapanese
=245  00$6880-01$aFuransu no bijutsukan, hakubutsukan /$cJakku Sarowa cho ; Hatano Hiroyuki, Nagao Nobuyuki yaku.
=264  \1$6880-02$aTōkyō :$bHakusuisha,$c2003.
=300  \\$a1 online resource.
=336  \\$atext$btxt$2rdacontent
=337  \\$acomputer$bc$2rdamedia
=338  \\$aonline resource$bcr$2rdacarrier
=490  1\$6880-03$aBunko kuseju ;$v867
=504  \\$aIncludes bibliographical references and index.
=588  \\$aDescription based on print version.
=650  \0$aMuseums$zFrance.
=650  \7$aMuseums.$2fast$0(OCoLC)fst01030128
=651  \7$aFrance.$2fast$0(OCoLC)fst01204289
=700  1\$6880-04,$aHatano, Hiroyuki,$d1945-$etranslator.
=700  1\$6880-05$aNagao, Nobuyuki,$d1935-$etranslator.
=700  1\$iTranslation of:$aSallois, Jacques.$tLes musées de France.
=773  0\$tJapanKnowledge
=776  08$iPrint version:$tFuransu no bijutsukan to hakubutsukan.
=830  \0$6880-06$aBunko kuseju$v867.
=856  40$3JapanKnowledge$uhttp://japanknowledge.com/lib/display/?lid=8021008670000$yJapanKnowledge Lib
=880  00$6245-01$aフランスの美術館・博物館 /$cジャック・サロワ著 ; 波多野宏之, 永尾信之訳.
=880  \1$6264-02$a東京 :$b白水社,$c2003.
=880  1\$6490-03$a文庫クセジュ ;$v867
=880  1\$6700-04$a波多野宏之,$d1945-$etranslator.
=880  1\$6700-05$a永尾信之,$d1935-$etranslator.
=880  \0$6830-06$a文庫クセジュ ;$v867.
=859  \\$aORR$bJapanKnowledge
=CAT  \\$aW1704-1242$b00$c20170509$lBLL01$h0927
=CAT  \\$aBATCH-UPD$b00$c20170509$lBLL01$h0937
=CAT  \\$aBATCH-UPD$b00$c20170509$lBLL01$h0940
=CAT  \\$aW2003-0365$c20200305$lBLL01$h1101
=FIN  \\$aY$d20170509
=SID  \\$aZ30$bOCLC
=SRC  \\$aJapanKnowledge_2017$bJK_OCLC20170203.mrc
=LAS  \\$aW2003-0365$b00$c20200305$lBLL01$h1101

