=LDR  02634 am a22006254i 4500
=001  018338462
=003  Uk
=005  20170106043208.0
=006  m\\\\\o\\d\\\\\\\\
=007  cr\|||||||||||
=008  151112s1999\\\\ja\a\\\\o\\\\\000\1\jpn\d
=FMT  \\$a  BK
=020  \\$z4096580643
=020  \\$z9784096580646
=035  \\$a(OCoLC)928950148
=040  \\$aYUS$beng$cYUS$dOCLCO$dYUS$dOCLCO$dOCL$dYUS$dOCLCO$dUk$erda$epn
=043  \\$aa-ja---
=050  \4$aPL753$b.S55 1994 v.64
=245  00$6880-01$aKana-zōshishū /$ckōchū, yaku Taniwaki Masachika, Oka Masahiko, Inoue Kazuhito.
=264  \1$6880-02$aTōkyō :$bShōgakkan,$c1999.
=300  \\$a1 online resource.
=336  \\$atext$btxt$2rdacontent
=337  \\$acomputer$bc$2rdamedia
=338  \\$aonline resource$bcr$2rdacarrier
=490  1\$6880-03$aShinpen Nihon koten bungaku zenshū ;$v64
=505  0\$6880-04$aKanameishi -- Ukiyo monogatari -- Ikkyū-banashi -- Takitsukegusa, Moekui, Keshizumi -- Otogi monogatari.
=588  \\$aDescription based on print version.
=648  \7$a1600-1868$2fast
=650  \0$aJapanese fiction$yEdo period, 1600-1868.
=650  \7$aJapanese fiction$xEdo period.$2fast$0(OCoLC)fst01710981
=700  1\$6880-05$aTaniwaki, Masachika,$d1939-2009
=700  1\$6880-06$aOka, Masahiko,$d1940-
=700  1\$6880-07$aInoue, Kazuhito,$d1967-
=773  0\$tJapanKnowledge
=776  08$iPrint version:$tKana-zōshishū
=830  \0$6880-08$aShinpen Nihon koten bungaku zenshū$v64.
=856  40$3JapanKnowledge$uhttp://japanknowledge.com/lib/display/?lid=80110V00640001$yJapanKnowledge Lib
=880  00$6245-01/{dollar}1$a仮名草子集 /$c校注・訳谷脇理史, 岡雅彦, 井上和人.
=880  \1$6264-02/{dollar}1$a東京 :$b小学館,$c1999.
=880  1\$6490-03/{dollar}1$a新編日本古典文学全集 ;$v64
=880  0\$6505-04/{dollar}1$aかなめいし -- 浮世物語 -- 一休ばなし -- たきつけ草・もえくゐ・けしずみ -- 御伽物語.
=880  1\$6700-05/{dollar}1$a谷脇理史,$d1939-2009.
=880  1\$6700-06/{dollar}1$a岡雅彦,$d1940-
=880  1\$6700-07/{dollar}1$a井上和人,$d1967-
=880  \0$6830-08/{dollar}1$a新編日本古典文学全集 ;$v64.
=859  \\$aORR$bJapanKnowledge
=CAT  \\$aW1704-1242$b00$c20170509$lBLL01$h0927
=CAT  \\$aBATCH-UPD$b00$c20170509$lBLL01$h0937
=CAT  \\$aBATCH-UPD$b00$c20170509$lBLL01$h0940
=CAT  \\$aW2003-0365$c20200305$lBLL01$h1101
=CAT  \\$aBATCH-UPD$b00$c20200918$lBLL01$h2045
=FIN  \\$aY$d20170509
=SID  \\$aZ30$bOCLC
=SRC  \\$aJapanKnowledge_2017$bJK_OCLC20170203.mrc
=LAS  \\$aBATCH-UPD$b00$c20200918$lBLL01$h2045

