=LDR  02229 am a22005894i 4500
=001  018338463
=003  Uk
=005  20170106043208.0
=006  m\\\\\o\\d\\\\\\\\
=007  cr\|||||||||||
=008  151113s1976\\\\ja\\\\\\ob\\\\000\0\jpn\d
=FMT  \\$a  BK
=020  \\$z4560055912
=020  \\$z9784560055915
=035  \\$a(OCoLC)929031102
=040  \\$aCNEAL$beng$cYUS$dOCLCO$dYUS$dOCLCO$dOCLCF$dUk$erda$epn
=041  1\$ajpn$hfre
=050  \4$aGT595$b.B4167 1976
=100  1\$aBeaulieu, Michèle,$eauthor.
=245  10$6880-01$aFukushoku no rekishi.$pKinsei, kindai hen /$cMicheru Boryū cho ; Nakamura Yūzō yaku.
=264  \1$6880-02$aTōkyō :$bHakusuisha,$c1976.
=300  \\$a1 online resource.
=336  \\$atext$btxt$2rdacontent
=337  \\$acomputer$bc$2rdamedia
=338  \\$aonline resource$bcr$2rdacarrier
=490  1\$6880-03$aBunko kuseju ;$v591
=504  \\$aIncludes bibliographical references.
=588  \\$aDescription based on print version.
=650  \0$aCostume.
=650  \0$aClothing and dress$xHistory.
=650  \7$aClothing and dress.$2fast$0(OCoLC)fst00864680
=650  \7$aCostume.$2fast$0(OCoLC)fst00880759
=655  \7$aHistory.$2fast$0(OCoLC)fst01411628
=700  1\$6880-04$aNakamura, Yūzō,$d1936-
=730  0\$aCostume moderne et contemporain.
=773  0\$tJapanKnowledge
=776  08$iPrint version:$tFukushoku no rekishi.
=830  \0$6880-05$aBunko kuseju$v591.
=856  40$3JapanKnowledge$uhttp://japanknowledge.com/lib/display/?lid=8021005910000$yJapanKnowledge Lib
=880  10$6245-01/{dollar}1$a服飾の歴史.$p近世・近代篇 /$cミシェル・ボーリュウ著 ; 中村祐三訳.
=880  \1$6264-02/{dollar}1$a東京 :$b白水社,$c1976.
=880  1\$6490-03/{dollar}1$a文庫クセジュ ;$v591
=880  1\$6700-04/{dollar}1$a中村祐三,$d1936-
=880  \0$6830-05/{dollar}1$a文庫クセジュ ;$v591.
=859  \\$aORR$bJapanKnowledge
=CAT  \\$aW1704-1242$b00$c20170509$lBLL01$h0927
=CAT  \\$aBATCH-UPD$b00$c20170509$lBLL01$h0937
=CAT  \\$aW2003-0365$c20200305$lBLL01$h1101
=FIN  \\$aY$d20170509
=SID  \\$aZ30$bOCLC
=SRC  \\$aJapanKnowledge_2017$bJK_OCLC20170203.mrc
=LAS  \\$aW2003-0365$b00$c20200305$lBLL01$h1101

