=LDR  02772 am a22006977a 4500
=001  018338464
=003  Uk
=005  20170106043209.0
=006  m\\\\\o\\d\\\\\\\\
=007  cr\|||||||||||
=008  100630s1982\\\\ja\a\\\\o\\\\\001\0\jpn\d
=FMT  \\$a  BK
=019  \\$a300720247
=020  \\$z4582804144
=020  \\$z9784582804140
=035  \\$a(OCoLC)645458626$z(OCoLC)300720247
=040  \\$aOCLCE$beng$cOCLCE$dCUS$dOCLCQ$dOCLCA$dOCLCQ$dOCLCA$dOCLCQ$dOCLCF$dYUS$dOCLCO$dYUS$dOCLCO$dOCLCQ$dYUS$dOCLCO$dUk$epn
=042  \\$adlr
=043  \\$aa-ja---
=050  \4$aGT2341.J3$bS28 1982
=084  \\$a383.5$2njb
=084  \\$aNDL=GD68$2z
=100  1\$6880-01$aSayama, Hanshichimaru,$dactive 18th century-19th century
=245  10$6880-02$aMiyako fūzoku kewaiden /$cSayama Hanshichimaru ; Hayami Shungyōsai gazu ; Takahashi Masao kōchū.
=250  \\$6880-03$aShohan.
=260  \\$6880-04$aTōkyō :$bHeibonsha,$c1982.
=300  \\$a1 online resource (x, 293, 7, 16 pages) :$billustrations.
=336  \\$atext$btxt$2rdacontent
=337  \\$acomputer$bc$2rdamedia
=338  \\$aonline resource$bcr$2rdacarrier
=490  1\$6880-05$aTōyō bunko ;$v414
=500  \\$aIncludes index.
=588  0\$aPrint version record.
=650  \0$aCosmetics$zJapan.
=650  \7$aCosmetics.$2fast$0(OCoLC)fst00880500
=651  \7$aJapan.$2fast$0(OCoLC)fst01204082
=653  \\$6880-06$aKeshō$aRekishi.
=700  1\$6880-07$aHayami, Shungyōsai,$d-1823?
=700  1\$6880-08$aTakahashi, Masao,$d1929-
=773  0\$tJapanKnowledge
=776  08$iPrint version:$aSayama, Hanshichimaru, 18th/19th cent.$tMiyako fūzoku kewaiden.$dTōkyō : Heibonsha, 1982$z4582804144
=830  \0$6880-09$aTōyō bunko$v414.
=856  40$3JapanKnowledge$uhttp://japanknowledge.com/lib/display/?lid=80010V0414P0002$yJapanKnowledge Lib
=880  1\$6100-01/{dollar}1$a佐山半七丸,$dactive 18th century-19th century.
=880  10$6245-02/{dollar}1$a都風俗化粧伝 /$c佐山半七丸 ; 速水春暁斎画図 ; 高橋雅夫校注.
=880  \\$6250-03/{dollar}1$a初版.
=880  \\$6260-04/{dollar}1$a東京 :$b平凡社,$c1982.
=880  1\$6490-05/{dollar}1$a東洋文庫 ;$v414
=880  \\$6653-06/{dollar}1$a化粧$a歴史.
=880  1\$6700-07/{dollar}1$a速水春暁斎,$d-1823?
=880  1\$6700-08/{dollar}1$a高橋雅夫,$d1929-
=880  \0$6830-09/{dollar}1$a東洋文庫 ;$v414.
=859  \\$aORR$bJapanKnowledge
=CAT  \\$aW1704-1242$b00$c20170509$lBLL01$h0927
=CAT  \\$aBATCH-UPD$b00$c20170509$lBLL01$h0937
=CAT  \\$aBATCH-UPD$b00$c20170509$lBLL01$h0940
=CAT  \\$aW2003-0365$c20200305$lBLL01$h1101
=FIN  \\$aY$d20170509
=SID  \\$aZ30$bOCLC
=SRC  \\$aJapanKnowledge_2017$bJK_OCLC20170203.mrc
=LAS  \\$aW2003-0365$b00$c20200305$lBLL01$h1101

