=LDR  02760 am a2200769 i 4500
=001  018338465
=003  Uk
=005  20170106043209.0
=006  m\\\\\o\\d\\\\\\\\
=007  cr\cnu---unuuu
=008  141105s2006\\\\ja\\\\\\od\\\\001\0\jpn\d
=FMT  \\$a  BK
=020  \\$z425410197X
=020  \\$z9784254101973
=020  \\$a9784254941128$qelectronic bk.
=020  \\$a4254941129$qelectronic bk.
=035  \\$a(OCoLC)894512342
=040  \\$aN{dollar}T$beng$cN{dollar}T$dOCLCF$dYUS$dOCLCO$dUk$erda$epn
=050  \4$aQ123
=072  \7$aSCI$x080000$2bisacsh
=072  \7$aSCI$x060000$2bisacsh
=082  04$a500.2$223
=245  00$6880-01$aHōsoku no jiten /$cYamazaki Akira hencho.
=250  \\$6880-02$aShohan.
=264  \1$6880-03$aTōkyō :$bAsakura Shoten,$c2006.
=300  \\$a1 online resource (498 pages)
=336  \\$atext$btxt$2rdacontent
=337  \\$acomputer$bc$2rdamedia
=338  \\$aonline resource$bcr$2rdacarrier
=500  \\$aIncludes index.
=505  0\$aIncludes index.
=588  0\$aPrint version record.
=650  \0$aScience$vDictionaries.
=650  \0$aPhysics$vDictionaries.
=650  \0$aMathematics$vDictionaries.
=650  \0$aChemistry$vDictionaries.
=650  \0$aPhysical laws$vDictionaries.
=650  07$6880-04$aKagaku-Jiten.$2jlabsh/3
=650  \7$aSCIENCE / Essays$2bisacsh
=650  \7$aSCIENCE / Reference$2bisacsh
=650  \7$aChemistry.$2fast$0(OCoLC)fst00853344
=650  \7$aMathematics.$2fast$0(OCoLC)fst01012163
=650  \7$aPhysical laws.$2fast$0(OCoLC)fst01062699
=650  \7$aPhysics.$2fast$0(OCoLC)fst01063025
=650  \7$aScience.$2fast$0(OCoLC)fst01108176
=653  \\$6880-05$aKagaku$aJisho.
=655  \4$aElectronic books.
=655  \7$aDictionaries.$2fast$0(OCoLC)fst01423826
=700  1\$6880-06,$aYamazaki, Akira,$d1937-$eeditor of compilation.
=773  0\$tJapanKnowledge
=776  08$iPrint version:$tHōsoku no jiten$z425410197X
=856  40$3JapanKnowledge$uhttp://japanknowledge.com/lib/search/basic/?cids=58110$yJapanKnowledge Lib
=880  00$6245-01/{dollar}1$a法則の辞典 /$c山崎昶編著.
=880  \\$6250-02/{dollar}1$a初版.
=880  \1$6264-03/{dollar}1$a東京 :$b朝倉書店,$c2006.
=880  07$6650-04/{dollar}1$a科学-辞典.$2jlabsh/3
=880  \\$6653-05/{dollar}1$a科学$a辞書.
=880  1\$6700-06/{dollar}1$a山崎昶,$d1937-$eeditor of compilation.
=859  \\$aORR$bJapanKnowledge
=CAT  \\$aW1704-1242$b00$c20170509$lBLL01$h0927
=CAT  \\$aBATCH-UPD$b00$c20170509$lBLL01$h0937
=CAT  \\$aBATCH-UPD$b00$c20170509$lBLL01$h0940
=CAT  \\$aW2003-0365$c20200305$lBLL01$h1101
=FIN  \\$aY$d20170509
=SID  \\$aZ30$bOCLC
=SRC  \\$aJapanKnowledge_2017$bJK_OCLC20170203.mrc
=LAS  \\$aW2003-0365$b00$c20200305$lBLL01$h1101

