=LDR  02889 am a22006614i 4500
=001  018338466
=003  Uk
=005  20170106043209.0
=006  m\\\\\o\\d\\\\\\\\
=007  cr\|||||||||||
=008  151113s1958\\\\ja\\\\\\ob\\\\001\0\jpn\d
=FMT  \\$a  BK
=020  \\$z4560052379
=020  \\$z9784560052372
=035  \\$a(OCoLC)929028914
=040  \\$aSTF$beng$cYUS$dOCLCO$dYUS$dOCLCO$dOCLCF$dOCLCO$dOCL$dUk$erda$epn
=041  1\$ajpn$hfre
=050  \4$aPQ281$b.S3163 1958
=100  1\$aSaulnier, Verdun L.,$eauthor.
=240  10$aLittérature française du siècle romantique.$lJapanese
=245  10$6880-01$aJūkyūseiki Furansu bungaku /$cV.-L. Sōnie cho ; Shinoda Kōichirō, Shibusawa Takasuke kyōyaku.
=264  \1$6880-02$aTōkyō :$bHakusuisha,$c1958.
=300  \\$a1 online resource (153, 15 pages).
=336  \\$atext$btxt$2rdacontent
=337  \\$acomputer$bc$2rdamedia
=338  \\$aonline resource$bcr$2rdacarrier
=490  1\$6880-03$aBunko kuseju ;$v237
=504  \\$aIncludes bibliographical references (pages 14-15 (2nd group)) and index.
=588  \\$aDescription based on print version record.
=648  \7$a1800-1899$2fast
=650  \0$aRomanticism$zFrance.
=650  \0$aFrench literature$y19th century$xHistory and criticism.
=650  \7$aFrench literature.$2fast$0(OCoLC)fst00934688
=650  \7$aRomanticism.$2fast$0(OCoLC)fst01100133
=651  \7$aFrance.$2fast$0(OCoLC)fst01204289
=655  \7$aCriticism, interpretation, etc.$2fast$0(OCoLC)fst01411635
=700  1\$6880-04,$aShinoda, Kōichirō,$d1928-$etranslator.
=700  1\$6880-05,$aShibusawa, Takasuke,$d1930-1998$etranslator.
=773  0\$tJapanKnowledge
=776  08$iPrint version:$tJūkuseiki furansu bungaku.$dTōkyō : Hakusuisha, 1958$z4560052379
=830  \0$6880-06$aBunko kuseju$v237.
=856  40$3JapanKnowledge$uhttp://japanknowledge.com/lib/display/?lid=8021002370000$yJapanKnowledge Lib
=880  10$6245-01/{dollar}1$a十九世紀フランス文学 /$cV.-L.ソーニエ著 ; 篠田浩一郎, 渋沢孝輔共訳.
=880  \1$6264-02/{dollar}1$a東京 :$b白水社,$c1958.
=880  1\$6490-03/{dollar}1$a文庫クセジュ ;$v237
=880  1\$6700-04/{dollar}1$a篠田浩一郎,$d1928-$etranslator.
=880  1\$6700-05/{dollar}1$a渋沢孝輔,$d1930-1998,$etranslator.
=880  08$6776-00/{dollar}1$iPrint version:$t十九世紀フランス文学.$d東京 : 白水社, 1958$z4560052379$w(OCoLC)33642923
=880  \0$6830-06/{dollar}1$a文庫クセジュ ;$v237.
=859  \\$aORR$bJapanKnowledge
=CAT  \\$aW1704-1242$b00$c20170509$lBLL01$h0927
=CAT  \\$aBATCH-UPD$b00$c20170509$lBLL01$h0937
=CAT  \\$aBATCH-UPD$b00$c20170509$lBLL01$h0940
=CAT  \\$aW2003-0365$c20200305$lBLL01$h1101
=FIN  \\$aY$d20170509
=SID  \\$aZ30$bOCLC
=SRC  \\$aJapanKnowledge_2017$bJK_OCLC20170203.mrc
=LAS  \\$aW2003-0365$b00$c20200305$lBLL01$h1101

