=LDR  02568 am a22006494i 4500
=001  018338467
=003  Uk
=005  20170106043209.0
=006  m\\\\\o\\d\\\\\\\\
=007  cr\|||||||||||
=008  151112s1995\\\\ja\a\\\\ob\\\\000\0\jpn\d
=FMT  \\$a  BK
=020  \\$z4096580104
=020  \\$z9784096580103
=035  \\$a(OCoLC)928950530
=040  \\$aYUS$beng$cYUS$dOCLCO$dYUS$dOCLCO$dYUS$dOCLCO$dUk$erda$epn
=043  \\$aa-ja---
=050  \4$aPL753$b.S55 1994 v. 10
=100  0\$6880-01,$aKeikai,$dactive 8th century-9th century$eauthor.
=245  00$6880-02$aNihon ryōiki /$ckōchū, yaku Nakada Norio.
=264  \1$6880-04$aTōkyō :$bShōgakkan,$c1995.
=300  \\$a1 online resource.
=336  \\$atext$btxt$2rdacontent
=337  \\$acomputer$bc$2rdamedia
=338  \\$aonline resource$bcr$2rdacarrier
=490  1\$6880-05$aShinpen Nihon koten bungaku zenshū ;$v10
=500  \\$aNCC-funded titles; to be lent locally and nationally according to normal ILL procedures.$5TJC
=504  \\$aIncludes bibliographical references (pages 477-491).
=588  \\$aDescription based on print version.
=650  \0$aBuddhism$zJapan$vFolklore.
=650  \0$aBuddhist legends$zJapan.
=650  \0$aTales$zJapan.
=650  \7$aBuddhism.$2fast$0(OCoLC)fst00840028
=650  \7$aBuddhist legends.$2fast$0(OCoLC)fst01727608
=650  \7$aTales.$2fast$0(OCoLC)fst01142246
=651  \7$aJapan.$2fast$0(OCoLC)fst01204082
=655  \7$aFolklore.$2fast$0(OCoLC)fst01423784
=700  1\$6880-06$aNakada, Norio,$d1915-2010
=773  0\$tJapanKnowledge
=776  08$iPrint version:$tNihon ryōiki
=830  \0$6880-07$aShinpen Nihon koten bungaku zenshū$v10.
=856  40$3JapanKnowledge$uhttp://japanknowledge.com/lib/display/?lid=80110V00100015$yJapanKnowledge Lib
=880  0\$6100-01$a景戒,$dactive 8th century-9th century.$eauthor
=880  00$6245-02$a日本霊異記 /$c校注・訳中田祝夫.
=880  \1$6264-04$a東京 :$b小学館,$c1995.
=880  1\$6490-05$a新編日本古典文学全集 ;$v10
=880  1\$6700-06$a中田祝夫,$d1915-2010.
=880  \0$6830-07$a新編日本古典文学全集 ;$v10.
=859  \\$aORR$bJapanKnowledge
=CAT  \\$aW1704-1242$b00$c20170509$lBLL01$h0927
=CAT  \\$aBATCH-UPD$b00$c20170509$lBLL01$h0937
=CAT  \\$aW2003-0365$c20200305$lBLL01$h1101
=CAT  \\$aBATCH-UPD$b00$c20200918$lBLL01$h2045
=FIN  \\$aY$d20170509
=SID  \\$aZ30$bOCLC
=SRC  \\$aJapanKnowledge_2017$bJK_OCLC20170203.mrc
=LAS  \\$aBATCH-UPD$b00$c20200918$lBLL01$h2045

