=LDR  02053 am a2200529 a 4500
=001  018338468
=003  Uk
=005  20170106043210.0
=006  m\\\\\o\\d\\\\\\\\
=007  cr\un|||||||||
=008  120228s1969\\\\ja\f\\\\o\\\\\000\0\jpn\\
=FMT  \\$a  BK
=035  \\$a(OCoLC)778581559
=040  \\$aCUS$beng$cCUS$dOCLCQ$dOCLCA$dYUS$dOCLCO$dOCLCQ$dYUS$dOCLCO$dOCLCQ$dYUS$dOCLCO$dUk
=050  \4$aPK6456.5$b.J33 1969
=100  0\$aFirdawsī.
=240  10$aShāhnāmah.$lJapanese
=245  10$6880-01$aShānāme :$bPerushia eiyū jojishi /$cFirudu[swī] ; Kuroyanagi Tsuneo yaku.
=246  3\$aŌsho
=250  \\$6880-02$aShohan.
=260  \\$6880-03$aTōkyō :$bHeibonsha,$cShōwa 44 [1969]
=300  \\$a1 online resource (447 pages) :$bplates.
=336  \\$atext$btxt$2rdacontent
=337  \\$acomputer$bc$2rdamedia
=338  \\$aonline resource$bcr$2rdacarrier
=490  1\$6880-04$aTōyō bunko ;$v150
=500  \\$aTranslation of Shāhnāmah.
=588  0\$aPrint version record.
=700  1\$6880-05$aKuroyanagi, Tsuneo,$d1925-2014
=773  0\$tJapanKnowledge
=776  08$iPrint version:$aFirdawsī.$tShānāme.$dTōkyō, Heibonsha, Shōwa 44 [1969]
=830  \0$6880-06$aTōyō bunko$v150.
=856  40$3JapanKnowledge$uhttp://japanknowledge.com/lib/display/?lid=80010V0150P0003$yJapanKnowledge Lib
=880  10$6245-01/{dollar}1$a王書 :$bペルシア英雄叙事詩 /$cフィルドゥスィー ; 黒柳恒男訳.
=880  \\$6250-02/{dollar}1$a初版.
=880  \\$6260-03/{dollar}1$a東京 :$b平凡社,$c昭和44 [1969]
=880  1\$6490-04/{dollar}1$a東洋文庫 ;$v150
=880  1\$6700-05/{dollar}1$a黒柳恒男,$d1925-
=880  \0$6830-06/{dollar}1$a東洋文庫 ;$v150.
=859  \\$aORR$bJapanKnowledge
=CAT  \\$aW1704-1242$b00$c20170509$lBLL01$h0927
=CAT  \\$aBATCH-UPD$b00$c20170509$lBLL01$h0937
=CAT  \\$aW2003-0365$c20200305$lBLL01$h1101
=FIN  \\$aY$d20170509
=SID  \\$aZ30$bOCLC
=SRC  \\$aJapanKnowledge_2017$bJK_OCLC20170203.mrc
=LAS  \\$aW2003-0365$b00$c20200305$lBLL01$h1101

