=LDR  02676 am a22006617a 4500
=001  018338469
=003  Uk
=005  20170106043210.0
=006  m\\\\\o\\d\\\\\\\\
=007  cr\|||||||||||
=008  100626s1984\\\\ja\aj\\\o\\\\\000\0djpn\d
=FMT  \\$a  BK
=019  \\$a638769098
=035  \\$a(OCoLC)643980648$z(OCoLC)638769098
=040  \\$aOCLCE$beng$cOCLCE$dCUS$dOCLCQ$dOCLCO$dOCLCF$dYUS$dOCLCO$dYUS$dOCLCO$dOCL$dOCLCQ$dYUS$dOCLCO$dUk$epn
=042  \\$adlr
=043  \\$aa-ja---
=050  \4$aDS881$b.T23 1984
=100  1\$6880-01$aTadano, Makuzu,$d1763?-1825
=245  10$6880-02$aMukashibanashi :$bTenmei zengo no Edo no omoide /$cTadano Makuzu ; Nakayama Eiko kōchū.
=250  \\$6880-03$aShohan.
=260  \\$6880-04$aTōkyō :$bHeibonsha,$c1984.
=300  \\$a1 online resource (iii, 268, 16 pages) :$billustrations, genealogical tables.
=336  \\$atext$btxt$2rdacontent
=337  \\$acomputer$bc$2rdamedia
=338  \\$aonline resource$bcr$2rdacarrier
=490  1\$6880-05$aTōyō bunko ;$v433
=588  0\$aPrint version record.
=600  10$6880-06$aTadano, Makuzu,$d1763?-1825
=600  17$aTadano, Makuzu,$d1763?-1825$2fast$0(OCoLC)fst00147416
=648  \7$a1787-1868$2fast
=651  \0$aJapan$xHistory$y1787-1868.
=651  \7$aJapan.$2fast$0(OCoLC)fst01204082
=653  \\$6880-07$aNihon$aRekishi$aEdojidai.
=655  \7$aHistory.$2fast$0(OCoLC)fst01411628
=700  1\$6880-08$aNakayama, Eiko.
=773  0\$tJapanKnowledge
=776  08$iPrint version: Tadano, Makuzu, 1763?-1825.$tMukashibanashi.$bShohan.$dTōkyō : Heibonsha, 1984
=830  \0$6880-09$aTōyō bunko$v433.
=856  40$3JapanKnowledge$uhttp://japanknowledge.com/lib/display/?lid=80010V0433P0002$yJapanKnowledge Lib
=880  1\$6100-01/{dollar}1$a只野真葛,$d1763?-1825.
=880  10$6245-02/{dollar}1$aむかしばなし :$b天明前後の江戶の思い出 /$c只野真葛 ; 中山栄子校注.
=880  \\$6250-03/{dollar}1$a初版.
=880  \\$6260-04/{dollar}1$a東京 :$b平凡社,$c1984.
=880  1\$6490-05/{dollar}1$a東洋文庫 ;$v433
=880  0\$6505-00/{dollar}1$a內容:むかしばなし.磯づたい.
=880  14$6600-06/{dollar}1$a只野真葛,$d1763?-1825.
=880  \\$6653-07/{dollar}1$a日本$a歴史$a江戶時代.
=880  1\$6700-08/{dollar}1$a中山栄子.
=880  \0$6830-09/{dollar}1$a東洋文庫 ;$v433.
=859  \\$aORR$bJapanKnowledge
=CAT  \\$aW1704-1242$b00$c20170509$lBLL01$h0927
=CAT  \\$aBATCH-UPD$b00$c20170509$lBLL01$h0937
=CAT  \\$aW2003-0365$c20200305$lBLL01$h1101
=FIN  \\$aY$d20170509
=SID  \\$aZ30$bOCLC
=SRC  \\$aJapanKnowledge_2017$bJK_OCLC20170203.mrc
=LAS  \\$aW2003-0365$b00$c20200305$lBLL01$h1101

