=LDR  02560 am a22006617a 4500
=001  018338470
=003  Uk
=005  20170106043211.0
=006  m\\\\\o\\d\\\\\\\\
=007  cr\|||||||||||
=008  100712s1993\\\\ja\a\\\\ob\\\\000\0ajpn\d
=FMT  \\$a  BK
=019  \\$a297894393
=020  \\$z4582805639
=020  \\$z9784582805635
=035  \\$a(OCoLC)647019549$z(OCoLC)297894393
=040  \\$aOCLCE$beng$cOCLCE$dCUS$dOCLCO$dOCLCA$dOCLCQ$dOCLCF$dOCLCO$dYUS$dOCLCO$dYUS$dOCLCO$dOCLCQ$dYUS$dOCLCO$dUk$epn
=042  \\$adlr
=043  \\$aa-ja---
=050  \4$aDS884.K215$bK215 1993
=100  1\$6880-01$aKatsura, Tarō,$d1847-1913
=245  10$6880-02$aKatsura Tarō jiden /$cUno Shun'ichi kōchū.
=250  \\$6880-03$aShohan.
=260  \\$6880-04$aTōkyō :$bHeibonsha,$c1993.
=300  \\$a1 online resource (362 pages) :$billustrations.
=336  \\$atext$btxt$2rdacontent
=337  \\$acomputer$bc$2rdamedia
=338  \\$aonline resource$bcr$2rdacarrier
=490  1\$6880-05$aTōyō bunko ;$v563
=504  \\$aIncludes bibliographical references.
=588  0\$aPrint version record.
=600  10$6880-06$aKatsura, Tarō,$d1847-1913
=600  17$aKatsura, Tarō,$d1847-1913$2fast$0(OCoLC)fst00124718
=650  \0$aPrime ministers$zJapan$vBiography.
=650  \7$aPrime ministers.$2fast$0(OCoLC)fst01076416
=651  \7$aJapan.$2fast$0(OCoLC)fst01204082
=655  \7$aBiography.$2fast$0(OCoLC)fst01423686
=700  1\$6880-07$aUno, Shun'ichi,$d1928-
=773  0\$tJapanKnowledge
=776  08$iPrint version:$aKatsura, Tarō, 1847-1913.$tKatsura Tarō jiden.$bShohan.$dTōkyō : Heibonsha, 1993$z4582805639
=830  \0$6880-08$aTōyō bunko$v563.
=856  40$3JapanKnowledge$uhttp://japanknowledge.com/lib/display/?lid=80010V0563P0002$yJapanKnowledge Lib
=880  1\$6100-01/{dollar}1$a桂太郎,$d1847-1913.
=880  10$6245-02/{dollar}1$a桂太郎自伝 /$c宇野俊一校注.
=880  \\$6250-03/{dollar}1$a初版.
=880  \\$6260-04/{dollar}1$a東京 :$b平凡社,$c1993.
=880  1\$6490-05/{dollar}1$a東洋文庫 ;$v563
=880  14$6600-06/{dollar}1$a桂太郎,$d1847-1913.
=880  1\$6700-07/{dollar}1$a宇野俊一,$d1928-
=880  \0$6830-08/{dollar}1$a東洋文庫 ;$v563.
=859  \\$aORR$bJapanKnowledge
=CAT  \\$aW1704-1242$b00$c20170509$lBLL01$h0927
=CAT  \\$aBATCH-UPD$b00$c20170509$lBLL01$h0937
=CAT  \\$aW2003-0365$c20200305$lBLL01$h1101
=FIN  \\$aY$d20170509
=SID  \\$aZ30$bOCLC
=SRC  \\$aJapanKnowledge_2017$bJK_OCLC20170203.mrc
=LAS  \\$aW2003-0365$b00$c20200305$lBLL01$h1101

