=LDR  03344 am a22007937a 4500
=001  018338471
=003  Uk
=005  20170106043211.0
=006  m\\\\\o\\d\\\\\\\\
=007  cr\|||||||||||
=008  100315m19701985ja\a\\\\ob\\\\000\0djpn\d
=FMT  \\$a  BK
=019  \\$a297598002
=020  \\$z458280442X$q(v. 2)
=020  \\$z9784582804423$q(v. 2)
=035  \\$a(OCoLC)556086606$z(OCoLC)297598002
=040  \\$aOCLCE$beng$cOCLCE$dOCLCQ$dOCLCO$dOCLCQ$dCUS$dOCLCF$dOCLCO$dYUS$dOCLCO$dYUS$dOCLCO$dOCLCQ$dYUS$dOCLCO$dUk$epn
=042  \\$adlr
=043  \\$aa-cc---
=050  \4$aBQ9149.E547$bA3 1970
=100  0\$6880-01$aEnnin,$d794-864
=240  10$6880-02$aNittō guhō junrei gyōki
=245  10$6880-03$aNittō guhō junrei kōki /$cEnnin ; Adachi Kiroku yakuchū ; Shioiri Ryōdō hochū.
=250  \\$6880-04$aShohan.
=260  \\$6880-05$aTōkyō :$bHeibonsha,$cShōwa 45 [1970]-1985.
=300  \\$a1 online resource (2 volumes) :$billustrations.
=336  \\$atext$btxt$2rdacontent
=337  \\$acomputer$bc$2rdamedia
=338  \\$aonline resource$bcr$2rdacarrier
=490  1\$6880-06$aTōyō bunko ;$v157, 442
=504  \\$aIncludes bibliographical references.
=588  0\$aPrint version record.
=600  00$6880-07$aEnnin,$d794-864$xTravel$zChina.
=600  07$aEnnin,$d794-864$2fast$0(OCoLC)fst00161021
=650  \0$aTendai priests$zJapan$vBiography.
=650  \7$aTendai priests.$2fast$0(OCoLC)fst01733468
=650  \7$aTravel.$2fast$0(OCoLC)fst01155558
=651  \0$aChina$xDescription and travel.
=651  \7$aChina.$2fast$0(OCoLC)fst01206073
=651  \7$aJapan.$2fast$0(OCoLC)fst01204082
=655  \7$aBiography.$2fast$0(OCoLC)fst01423686
=700  1\$6880-08$aAdachi, Kiroku.
=700  1\$6880-09$aShioiri, Ryōdō,$d1922-
=773  0\$tJapanKnowledge
=776  08$iPrint version:$aEnnin, 794-864.$sNittō guhō junrei gyōki.$tNittō guhō junrei kōki.$bShohan.$dTōkyō : Heibonsha, Shōwa 45 [1970]-1985
=830  \0$6880-10$aTōyō bunko$v157, etc.
=856  40$3JapanKnowledge Volume 1$uhttp://japanknowledge.com/lib/display/?lid=80010V0157P0002$yJapanKnowledge Lib
=856  40$3JapanKnowledge Volume 2$uhttp://japanknowledge.com/lib/display/?lid=80010V0442P0002$yJapanKnowledge Lib
=880  0\$6100-01/{dollar}1$a円仁,$d794-864.
=880  10$6240-02/{dollar}1$a入唐求法巡礼行記
=880  10$6245-03/{dollar}1$a入唐求法巡礼行記 /$c円仁 ; 足立喜六訳注 ; 塩入良道補注.
=880  \\$6250-04/{dollar}1$a初版.
=880  \\$6260-05/{dollar}1$a東京 :$b平凡社,$c昭和 45 [1970]-1985.
=880  1\$6490-00/{dollar}1$a東洋文庫 ;$v157
=880  1\$6490-06/{dollar}1$a東洋文庫 ;$v157, 442
=880  04$6600-07/{dollar}1$a円仁,$d794-864$xTravel$zChina.
=880  1\$6700-08/{dollar}1$a足立喜六.
=880  1\$6700-09/{dollar}1$a塩入良道,$d1922-
=880  \0$6830-00/{dollar}1$a東洋文庫 ;$v157.
=880  \0$6830-10/{dollar}1$a東洋文庫 ;$v157, etc.
=859  \\$aORR$bJapanKnowledge
=CAT  \\$aW1704-1242$b00$c20170509$lBLL01$h0927
=CAT  \\$aBATCH-UPD$b00$c20170509$lBLL01$h0937
=CAT  \\$aBATCH-UPD$b00$c20170509$lBLL01$h0940
=CAT  \\$aW2003-0365$c20200305$lBLL01$h1101
=FIN  \\$aY$d20170509
=SID  \\$aZ30$bOCLC
=SRC  \\$aJapanKnowledge_2017$bJK_OCLC20170203.mrc
=LAS  \\$aW2003-0365$b00$c20200305$lBLL01$h1101

