=LDR  02808 am a22006977a 4500
=001  018338472
=003  Uk
=005  20170106043211.0
=006  m\\\\\o\\d\\\\\\\\
=007  cr\un|||||||||
=008  120419s1975\\\\ja\a\\\\o\\\\\001\0\jpn\d
=FMT  \\$a  BK
=035  \\$a(OCoLC)786187666
=040  \\$aCUS$beng$cCUS$dOCLCQ$dYUS$dOCLCQ$dOCLCO$dYUS$dOCLCO$dOCLCQ$dYUS$dOCLCO$dUk
=043  \\$aa-ja---
=050  14$aBQ8820$b.G96 1975
=100  0\$6880-01$aGyōchi,$d1778-1841.
=245  10$6880-02$aKonohagoromo, Suzukakegoromo, Tōun rokuji /$cGyōchi ; Gorai Shigeru henchū.
=250  \\$6880-03$aShohan.
=260  \\$6880-04$aTōkyō :$bHeibonsha,$cShōwa 50 [1975]
=300  \\$a1 online resource (401 pages) :$billustrations.
=336  \\$atext$btxt$2rdacontent
=337  \\$acomputer$bc$2rdamedia
=338  \\$aonline resource$bcr$2rdacarrier
=490  1\$6880-05$aShugendō shiryō ;$v1
=490  1\$6880-06$aTōyō bunko ;$v273
=500  \\$aIncludes index.
=588  0\$aPrint version record.
=650  \0$aShugen (Sect)$zJapan$xDoctrines.
=700  1\$6880-07$aGorai, Shigeru,$d1908-1993
=700  02$6880-08$aGyōchi,$d1778-1841.$tSuzukakegoromo.
=700  02$6880-09$aGyōchi,$d1778-1841.$tTōun rokuji.
=740  02$6880-10$aSuzukakegoromo.
=740  02$6880-11$aTōun rokuji.
=773  0\$tJapanKnowledge
=776  08$iPrint version:$aGyōchi, 1778-1841.$tKonohagoromo, Suzukakegoromo, Tōun rokuji.$bShohan.$dTōkyō : Heibonsha, Shōwa 50 [1975]
=830  \0$6880-12$aShugendō shiryō ;$v1.
=830  \0$6880-13$aTōyō bunko$v273.
=856  40$3JapanKnowledge$uhttp://japanknowledge.com/lib/display/?lid=80010V0273P0002$yJapanKnowledge Lib
=880  0\$6100-01/{dollar}1$a行智,$d1778-1841.
=880  10$6245-02/{dollar}1$a木葉衣・鈴懸衣・踏雲錄事 /$c行智 ; 五来重編注.
=880  \\$6250-03/{dollar}1$a初版.
=880  \\$6260-04/{dollar}1$a東京 :$b平凡社,$c昭和50 [1975]
=880  1\$6490-05/{dollar}1$a修験道史料 ;$v1
=880  1\$6490-06/{dollar}1$a東洋文庫 ;$v273
=880  1\$6700-07/{dollar}1$a五来重,$d1908-1993.
=880  02$6700-08/{dollar}1$a行智,$d1778-1841.$t鈴懸衣.$f1975.
=880  02$6700-09/{dollar}1$a行智,$d1778-1841.$t踏雲錄事.$f1975.
=880  02$6740-10/{dollar}1$a鈴懸衣.
=880  02$6740-11/{dollar}1$a踏雲錄事.
=880  \0$6830-12/{dollar}1$a修験道史料 ;$v1.
=880  \0$6830-13/{dollar}1$a東洋文庫 ;$v273.
=859  \\$aORR$bJapanKnowledge
=CAT  \\$aW1704-1242$b00$c20170509$lBLL01$h0927
=CAT  \\$aBATCH-UPD$b00$c20170509$lBLL01$h0937
=CAT  \\$aBATCH-UPD$b00$c20170509$lBLL01$h0940
=CAT  \\$aW2003-0365$c20200305$lBLL01$h1101
=FIN  \\$aY$d20170509
=SID  \\$aZ30$bOCLC
=SRC  \\$aJapanKnowledge_2017$bJK_OCLC20170203.mrc
=LAS  \\$aW2003-0365$b00$c20200305$lBLL01$h1101

