=LDR  02016 am a2200469 i 4500
=001  018338473
=003  Uk
=005  20170106043212.0
=006  m\\\\\o\\d\\\\\\\\
=007  cr\|||||||||||
=008  160630s2016\\\\ja\\\\\\od\\\\000\0\jpn\d
=FMT  \\$a  BK
=035  \\$a(OCoLC)952602699
=040  \\$aYUS$beng$cYUS$dUk$erda
=050  \4$aPL691
=245  00$6880-01$aNihon hōgen daijiten.
=246  1\$aComprehensive dictionary of dialects in Japan
=264  \1$6880-02$aTōkyō :$bNetAdvance Inc.,$c2016.
=300  \\$a1 online resource
=336  \\$atext$btxt$2rdacontent
=337  \\$acomputer$bc$2rdamedia
=338  \\$aonline resource$bcr$2rdacarrier
=588  \\$aDescription based on online resource; title from search contents (viewed June 30, 2016).
=650  \0$aJapanese language$xDialects$vDictionaries.
=650  \7$aJapanese language$xDialects.$2fast$0(OCoLC)fst00981598
=655  \7$aDictionaries.$2fast$0(OCoLC)fst01423826
=773  0\$tJapanKnowledge
=786  08$6880-03$tNihon hōgen daijiten.$bDai 1-han.$dTōkyō : Shōgakkan, 1989$z4095082011
=786  08$6880-04$tOkunikotoba o shiru hōgen no chizuchō.$dTōkyō : Shōgakkan, 2002$z4095041528
=856  40$3JapanKnowledge$uhttp://japanknowledge.com/lib/search/basic/?cids=20100$yJapanKnowledge Lib
=880  00$6245-01/{dollar}1$a日本方言大辞典.
=880  \1$6264-02/{dollar}1$a東京 :$bNetAdvance Inc.,$c2016.
=880  08$6786-03/{dollar}1$t日本方言大辞典.$b第1版.$d東京 : 小学館, 1989$z4095082011$w(DLC) 89154527$w(OCoLC)20151350
=880  08$6786-04/{dollar}1$tお国ことばを知る方言の地図帳.$d東京 : 小学館, 2002$z4095041528$w(OCoLC)166690529
=859  \\$aORR$bJapanKnowledge
=CAT  \\$aW1704-1242$b00$c20170509$lBLL01$h0927
=CAT  \\$aBATCH-UPD$b00$c20170509$lBLL01$h0937
=CAT  \\$aW2003-0365$c20200305$lBLL01$h1101
=FIN  \\$aY$d20170509
=SID  \\$aZ30$bOCLC
=SRC  \\$aJapanKnowledge_2017$bJK_OCLC20170203.mrc
=LAS  \\$aW2003-0365$b00$c20200305$lBLL01$h1101

