=LDR  02311 am a22006134i 4500
=001  018338474
=003  Uk
=005  20170106043212.0
=006  m\\\\\o\\d\\\\\\\\
=007  cr\|||||||||||
=008  151113s1999\\\\ja\\\\\\o\\\\\000\0\jpn\d
=FMT  \\$a  BK
=020  \\$z456005813X
=020  \\$z9784560058138
=035  \\$a(OCoLC)929030685
=040  \\$aYUS$beng$cYUS$dYUS$dOCLCO$dOCLCF$dUk$erda$epn
=041  1\$ajpn$hfre
=043  \\$ae-fr---
=245  00$6880-01$aVerusaiyu no rekishi /$cRyukku Bunowa cho ; Takigawa Yoshinobu, Kurata Kiyoshi yaku.
=264  \1$6880-02$aTōkyō :$bHakusuisha,$c1999.
=300  \\$a1 online resource.
=336  \\$atext$btxt$2rdacontent
=337  \\$acomputer$bc$2rdamedia
=338  \\$aonline resource$bcr$2rdacarrier
=490  1\$6880-03$aBunko kuseju ;$v813
=588  \\$aDescription based on print version.
=650  \7$aCourts and courtiers.$2fast$0(OCoLC)fst00881829
=651  \0$aVersailles (France)$xHistory.
=651  \0$aFrance$xCourt and courtiers.
=651  \7$aFrance.$2fast$0(OCoLC)fst01204289
=651  \7$aFrance$zVersailles.$2fast$0(OCoLC)fst01204688
=655  \7$aHistory.$2fast$0(OCoLC)fst01411628
=700  1\$6880-04$aTakigawa, Yoshinobu,$d1942-
=700  1\$6880-05$aKurata, Kiyoshi,$d1928-
=700  1\$aBenoist, Luc,$d1893-1980.
=730  0\$aHistoire de Versailles.
=773  0\$tJapanKnowledge
=776  08$iPrint version:$tVerusaiyu no rekishi.
=830  \0$6880-06$aBunko kuseju$v813.
=856  40$3JapanKnowledge$uhttp://japanknowledge.com/lib/display/?lid=8021008130000$yJapanKnowledge Lib
=880  00$6245-01/{dollar}1$aヴェルサイユの歴史 /$cリュック・ブノワ著 ; 瀧川好庸, 倉田淸訳.
=880  \1$6264-02/{dollar}1$a東京 :$b白水社,$c1999.
=880  1\$6490-03/{dollar}1$a文庫クセジュ ;$v813
=880  1\$6700-04/{dollar}1$a滝川好庸,$d1942-
=880  1\$6700-05/{dollar}1$a倉田淸,$d1928-
=880  \0$6830-06/{dollar}1$a文庫クセジュ ;$v813.
=859  \\$aORR$bJapanKnowledge
=CAT  \\$aW1704-1242$b00$c20170509$lBLL01$h0927
=CAT  \\$aBATCH-UPD$b00$c20170509$lBLL01$h0937
=CAT  \\$aW2003-0365$c20200305$lBLL01$h1101
=FIN  \\$aY$d20170509
=SID  \\$aZ30$bOCLC
=SRC  \\$aJapanKnowledge_2017$bJK_OCLC20170203.mrc
=LAS  \\$aW2003-0365$b00$c20200305$lBLL01$h1101

