=LDR  02504 am a22006617a 4500
=001  018338475
=003  Uk
=005  20170106043212.0
=006  m\\\\\o\\d\\\\\\\\
=007  cr\un|||||||||
=008  090130s2001\\\\ja\\\\\\o\\\\\000\0\jpn\d
=FMT  \\$a  BK
=035  \\$a(OCoLC)300605565
=040  \\$aOCLCE$beng$cOCLCE$dOCL$dCUS$dOCLCQ$dOCLCF$dOCLCO$dOCLCQ$dYUS$dOCLCO$dYUS$dOCLCO$dOCLCQ$dYUS$dOCLCO$dUk$epn
=043  \\$aa-ja---
=050  \4$aBJ971 .B8 K35
=084  \\$a159.3$2njb/9
=245  00$6880-01$aKakunshū /$cYamamoto Shinkō henchū.
=250  \\$6880-02$aShohan.
=260  \\$6880-03$aTōkyō :$bHeibonsha,$c2001.
=300  \\$a1 online resource (416 pages).
=336  \\$atext$btxt$2rdacontent
=337  \\$acomputer$bc$2rdamedia
=338  \\$aonline resource$bcr$2rdacarrier
=490  1\$6880-04$aTōyō bunko ;$v687
=588  0\$aPrint version record.
=650  \0$aBushido.
=650  \0$aEthics$zJapan.
=650  \0$aMerchants$zJapan$xConduct of life.
=650  \0$aSamurai$xConduct of life.
=650  \7$6880-05$aKaken kakun.$2jlabsh
=650  \7$aBushido.$2fast$0(OCoLC)fst00842251
=650  \7$aEthics.$2fast$0(OCoLC)fst00915833
=650  \7$aMerchants$xConduct of life.$2fast$0(OCoLC)fst01017062
=650  \7$aSamurai$xConduct of life.$2fast$0(OCoLC)fst01104698
=650  07$6880-06$aKaken kakun.$2jlabsh/3
=651  \7$aJapan.$2fast$0(OCoLC)fst01204082
=700  1\$6880-07$aYamamoto, Shinkō,$d1949-
=773  0\$tJapanKnowledge
=776  08$iPrint version:$tKakunshū.$bShohan.$dTōkyō : Heibonsha, 2001$z4582806872$z9784582806878
=830  \0$6880-08$aTōyō bunko$v687.
=856  40$3JapanKnowledge$uhttp://japanknowledge.com/lib/display/?lid=80010V0687P0002$yJapanKnowledge Lib
=880  00$6245-01/{dollar}1$a家訓集 /$c山本眞功編註.
=880  \\$6250-02/{dollar}1$a初版.
=880  \\$6260-03/{dollar}1$a東京 :$b平凡社,$c2001.
=880  1\$6490-04/{dollar}1$a東洋文庫 ;$v687
=880  \7$6650-05/{dollar}1$a家憲・家訓.$2jlabsh
=880  07$6650-06/{dollar}1$a家憲・家訓.$2jlabsh/3
=880  1\$6700-07/{dollar}1$a山本眞功,$d1949-
=880  \0$6830-08/{dollar}1$a東洋文庫 ;$v687.
=859  \\$aORR$bJapanKnowledge
=CAT  \\$aW1704-1242$b00$c20170509$lBLL01$h0927
=CAT  \\$aBATCH-UPD$b00$c20170509$lBLL01$h0937
=CAT  \\$aW2003-0365$c20200305$lBLL01$h1101
=FIN  \\$aY$d20170509
=SID  \\$aZ30$bOCLC
=SRC  \\$aJapanKnowledge_2017$bJK_OCLC20170203.mrc
=LAS  \\$aW2003-0365$b00$c20200305$lBLL01$h1101

