=LDR  02260 am a22005894i 4500
=001  018338476
=003  Uk
=005  20170106043213.0
=006  m\\\\\o\\d\\\\\\\\
=007  cr\|||||||||||
=008  151117s2007\\\\ja\\\\\gob\\\\000\0\jpn\d
=FMT  \\$a  BK
=020  \\$z9784560509081
=020  \\$z4560509085
=035  \\$a(OCoLC)929688345
=040  \\$aWTU$beng$cYUS$dOCLCO$dYUS$dOCLCO$dOCLCF$dOCLCO$dUk$erda$epn
=041  1\$ajpn$hfre
=100  1\$aMaufras, Jérôme,$eauthor.
=240  10$aÉchecs.$lJapanese
=245  10$6880-01$aChesu e no shōtai /$cJerōmu Mofura cho ; Nariai Kyōji, Ogura Hisako yaku.
=264  \1$6880-02$aTōkyō :$bHakusuisha,$c2007.
=300  \\$a1 online resource.
=336  \\$atext$btxt$2rdacontent
=337  \\$acomputer$bc$2rdamedia
=338  \\$aonline resource$bcr$2rdacarrier
=490  1\$6880-03$aBunko kuseju ;$v908
=504  \\$aIncludes bibliographical references.
=588  \\$aDescription based on print version.
=650  \0$aChess$xHistory.
=650  \7$aChess.$2fast$0(OCoLC)fst00853777
=655  \7$aHistory.$2fast$0(OCoLC)fst01411628
=700  1\$6880-04,$aNariai, Kyōji,$d1937-$etranslator.
=700  1\$6880-05$aOgura, Hisako,$d1932-$etranslator.
=700  1\$iTranslation of:$aMaufras, Jérôme.$tLes échecs.
=773  0\$tJapanKnowledge
=776  08$iPrint version:$tChesu eno shotai.
=830  \0$6880-06$aBunko kuseju$v908.
=856  40$3JapanKnowledge$uhttp://japanknowledge.com/lib/display/?lid=8021009080000$yJapanKnowledge Lib
=880  10$6245-01$aチェスへの招待 /$cジェローム・モフラ著 ; 成相恭二, 小倉尚子訳.
=880  \1$6264-02$a東京 :$b白水社,$c2007.
=880  1\$6490-03$a文庫クセジュ ;$v908
=880  1\$6700-04$a成相恭二,$d1937-$etranslator.
=880  1\$6700-05$a小倉尚子,$d1932-$etranslator.
=880  \0$6830-06$a文庫クセジュ ;$v908.
=859  \\$aORR$bJapanKnowledge
=CAT  \\$aW1704-1242$b00$c20170509$lBLL01$h0927
=CAT  \\$aBATCH-UPD$b00$c20170509$lBLL01$h0937
=CAT  \\$aW2003-0365$c20200305$lBLL01$h1101
=FIN  \\$aY$d20170509
=SID  \\$aZ30$bOCLC
=SRC  \\$aJapanKnowledge_2017$bJK_OCLC20170203.mrc
=LAS  \\$aW2003-0365$b00$c20200305$lBLL01$h1101

