=LDR  02837 am a22007217a 4500
=001  018338477
=003  Uk
=005  20170106043213.0
=006  m\\\\\o\\d\\\\\\\\
=007  cr\|||||||||||
=008  111014s1990\\\\ja\\\\\\ob\\\\000\0\jpn\d
=FMT  \\$a  BK
=020  \\$z4582805159
=020  \\$z9784582805154
=035  \\$a(OCoLC)757098148
=040  \\$aOCLCE$beng$cOCLCE$dCUS$dOCLCQ$dOCLCF$dOCLCO$dYUS$dOCLCO$dYUS$dOCLCO$dOCLCQ$dYUS$dOCLCO$dUk$epn
=041  1\$ajpn$achi$hchi
=042  \\$adlr
=043  \\$aa-cc---
=050  \4$aBQ636.W41$bT88 1990
=100  1\$6880-01$aWei, Shou,$d506-572
=240  10$6880-02$aWei shu.$pShi lao zhi.$lJapanese & Chinese
=245  10$6880-03$aGisho Shaku-Rō shi /$cGi Shū ; Tsukamoto Zenryū yakuchū.
=250  \\$6880-04$aShohan.
=260  \\$6880-05$aTōkyō :$bHeibonsha,$c1990.
=300  \\$a1 online resource (338, 16 pages).
=336  \\$atext$btxt$2rdacontent
=337  \\$acomputer$bc$2rdamedia
=338  \\$aonline resource$bcr$2rdacarrier
=490  1\$6880-06$aTōyō bunko ;$v515
=504  \\$aIncludes bibliographical references.
=588  0\$aPrint version record.
=600  10$6880-07.$aWei, Shou,$d506-572$tWei shu.$pShi lao zhi.
=630  07$aWei shu (Wei, Shou)$2fast$0(OCoLC)fst01366965
=650  \0$aBuddhism$zChina$xHistory.
=650  \0$aTaoism.
=650  \7$aBuddhism.$2fast$0(OCoLC)fst00840028
=650  \7$aTaoism.$2fast$0(OCoLC)fst01142920
=651  \7$aChina.$2fast$0(OCoLC)fst01206073
=655  \7$aHistory.$2fast$0(OCoLC)fst01411628
=700  1\$6880-08$aTsukamoto, Zenryū,$d1898-1980
=773  0\$tJapanKnowledge
=776  08$iPrint version:$aWei, Shou, 506-572.$sWei shu. Shi lao zhi. Japanese & Chinese.$tGisho Shaku-Rō shi.$dTōkyō : Heibonsha, 1990$z4582805159
=830  \0$6880-09$aTōyō bunko$v515.
=856  40$3JapanKnowledge$uhttp://japanknowledge.com/lib/display/?lid=80010V0515P0002$yJapanKnowledge Lib
=880  1\$6100-01/{dollar}1$a魏收,$d506-572.
=880  10$6240-02/{dollar}1$a魏書.$p釈老志.$lJapanese & Chinese
=880  10$6245-03/{dollar}1$a魏書釈老志 /$c魏収 ; 塚本善隆訳注.
=880  \\$6250-04/{dollar}1$a初版.
=880  \\$6260-05/{dollar}1$a東京 :$b平凡社,$c1990.
=880  1\$6490-06/{dollar}1$a東洋文庫 ;$v515
=880  14$6600-07/{dollar}1$a魏收,$d506-572.$t魏書.$p釈老志.
=880  1\$6700-08/{dollar}1$a塚本善隆,$d1898-1980.
=880  \0$6830-09/{dollar}1$a東洋文庫 ;$v515.
=859  \\$aORR$bJapanKnowledge
=CAT  \\$aW1704-1242$b00$c20170509$lBLL01$h0927
=CAT  \\$aBATCH-UPD$b00$c20170509$lBLL01$h0937
=CAT  \\$aBATCH-UPD$b00$c20170509$lBLL01$h0940
=CAT  \\$aW2003-0365$c20200305$lBLL01$h1101
=FIN  \\$aY$d20170509
=SID  \\$aZ30$bOCLC
=SRC  \\$aJapanKnowledge_2017$bJK_OCLC20170203.mrc
=LAS  \\$aW2003-0365$b00$c20200305$lBLL01$h1101

