=LDR  03196 am a2200697 a 4500
=001  018338478
=003  Uk
=005  20170106043213.0
=006  m\\\\\o\\d\\\\\\\\
=007  cr\un|||||||||
=008  120131m19721973ja\a\\\jo\\\\\000\1\jpn\\
=FMT  \\$a  BK
=020  \\$a4582802338$q(v. 2)
=020  \\$a9784582802337$q(v. 2)
=020  \\$z4582802206$q(v. 1)
=020  \\$z9784582802207$q(v. 1)
=035  \\$a(OCoLC)774627871
=040  \\$aCUS$beng$cCUS$dOCLCQ$dOCLCF$dYUS$dOCLCQ$dYUS$dOCLCO$dOCLCQ$dYUS$dOCLCO$dUk
=043  \\$aa-ja---
=050  \4$aPZ49.41$b.N43
=245  00$6880-01$aNihon otogishū :$bshinwa, densetsu, dōwa /$cMori Rintarō (Ōgai) [and others] sen.
=250  \\$6880-02$aShohan.
=260  \\$6880-03$aTōkyō :$bHeibonsha,$c1972-1973.
=300  \\$a1 online resource (2 volumes).
=336  \\$atext$btxt$2rdacontent
=337  \\$acomputer$bc$2rdamedia
=338  \\$aonline resource$bcr$2rdacarrier
=490  1\$6880-04$aTōyō bunko ;$v220, 233
=500  \\$6880-05$aBaifūkan hakkō "Hyōjun otogi bunko" zen rokkan "Nihon shinwa" jō, ge-kan (Taishō 10-nen kan), "Nihon densetsu" jō, ge-kan (Taishō 9-10- nen kan), "Nihon dōwa" jō, ge-kan (Taishō 9-nen kan) no fukkan.
=588  0\$aPrint version record.
=650  \0$aMythology, Japanese$vJuvenile literature.
=650  \0$aChildren's stories, Japanese.
=650  \0$aTales$zJapan.
=650  \0$aLegends$zJapan.
=650  \7$aChildren's stories, Japanese.$2fast$0(OCoLC)fst00856736
=650  \7$aLegends.$2fast$0(OCoLC)fst00995592
=650  \7$aMythology, Japanese.$2fast$0(OCoLC)fst01031838
=650  \7$aTales.$2fast$0(OCoLC)fst01142246
=651  \7$aJapan.$2fast$0(OCoLC)fst01204082
=655  \7$aJuvenile works.$2fast$0(OCoLC)fst01411637
=700  1\$6880-06$aMori, Ōgai,$d1862-1922
=773  0\$tJapanKnowledge
=776  08$iPrint version:$tNihon otogishū.$bShohan.$dTōkyō : Heibonsha, 1972-1973$z4582802206
=830  \0$6880-07$aTōyō bunko$v220, 233.
=856  40$3JapanKnowledge Volume 2$uhttp://japanknowledge.com/lib/display/?lid=80010V0233P0002$yJapanKnowledge Lib
=856  40$3JapanKnowledge Volume 1$uhttp://japanknowledge.com/lib/display/?lid=80010V0220P0002$yJapanKnowledge Lib
=880  00$6245-01/{dollar}1$a日本お伽集 :$b神話・伝說・童話 /$c森林太郎 (歐外) [and others]撰.
=880  \\$6250-02/{dollar}1$a初版.
=880  \\$6260-03/{dollar}1$a東京 :$b平凡社,$c1972-1973.
=880  1\$6490-04/{dollar}1$a東洋文庫 ;$v220, 233
=880  \\$6500-05/{dollar}1$a培風館発行「標準お伽文庫」全六卷, 「日本神話」上・下卷 (大正10年刊), 「日本伝說」上・下卷 (大正9-10年刊), 「日本童話」上・下卷 (大正9年刊)の復刊.
=880  1\$6700-06/{dollar}1$a森鷗外,$d1862-1922.
=880  \0$6830-07/{dollar}1$a東洋文庫 ;$v220, 233.
=859  \\$aORR$bJapanKnowledge
=CAT  \\$aW1704-1242$b00$c20170509$lBLL01$h0927
=CAT  \\$aBATCH-UPD$b00$c20170509$lBLL01$h0937
=CAT  \\$aW2003-0365$c20200305$lBLL01$h1101
=FIN  \\$aY$d20170509
=SID  \\$aZ30$bOCLC
=SRC  \\$aJapanKnowledge_2017$bJK_OCLC20170203.mrc
=LAS  \\$aW2003-0365$b00$c20200305$lBLL01$h1101

