=LDR  01925 am a22005294i 4500
=001  018338479
=003  Uk
=005  20170106043214.0
=006  m\\\\\o\\d\\\\\\\\
=007  cr\|||||||||||
=008  151112s1997\\\\ja\\\\\\o\\\\\000\0\jpn\d
=FMT  \\$a  BK
=020  \\$z4560057869
=020  \\$z9784560057865
=035  \\$a(OCoLC)928950244
=040  \\$aYUS$beng$cYUS$dOCLCO$dYUS$dOCLCO$dUk$erda$epn
=041  1\$ajpn$hfre
=050  \4$aPN5174$b.M3716 1997
=245  00$6880-01$aJānarisuto no rinri /$cMisheru Matian [cho] ; Matsumoto Nobuo yaku.
=264  \1$6880-02$aTōkyō :$bHakusuisha,$c1997.
=300  \\$a1 online resource.
=336  \\$atext$btxt$2rdacontent
=337  \\$acomputer$bc$2rdamedia
=338  \\$aonline resource$bcr$2rdacarrier
=490  1\$6880-03$aBunko kuseju ;$v786
=588  \\$aDescription based on print version.
=700  1\$6880-06$aMatsumoto, Nobuo,$d1941-
=700  1\$aMathien, Michel.
=730  0\$aCollection Journalistes.
=773  0\$tJapanKnowledge
=776  08$iPrint version:$tJānarisuto no rinri
=830  \0$6880-07$aBunko kuseju$v786.
=856  40$3JapanKnowledge$uhttp://japanknowledge.com/lib/display/?lid=8021007860000$yJapanKnowledge Lib
=880  00$6245-01$aジャーナリストの倫理 /$cミシェル・マティアン [著] ; 松本伸夫訳.
=880  \1$6264-02$a東京 :$b白水社,$c1997.
=880  1\$6490-03$a文庫クセジュ ;$v786
=880  1\$6700-06$a松本伸夫,$d1941-
=880  \0$6830-07$a文庫クセジュ ;$v786.
=859  \\$aORR$bJapanKnowledge
=CAT  \\$aW1704-1242$b00$c20170509$lBLL01$h0927
=CAT  \\$aBATCH-UPD$b00$c20170509$lBLL01$h0937
=CAT  \\$aBATCH-UPD$b00$c20170509$lBLL01$h0940
=CAT  \\$aW2003-0365$c20200305$lBLL01$h1101
=FIN  \\$aY$d20170509
=SID  \\$aZ30$bOCLC
=SRC  \\$aJapanKnowledge_2017$bJK_OCLC20170203.mrc
=LAS  \\$aW2003-0365$b00$c20200305$lBLL01$h1101

