=LDR  02221 am a22005654i 4500
=001  018338480
=003  Uk
=005  20170106043214.0
=006  m\\\\\o\\d\\\\\\\\
=007  cr\|||||||||||
=008  151117s2005\\\\ja\\\\\gob\\\\000\0\jpn\d
=FMT  \\$a  BK
=020  \\$z4560508909
=020  \\$z9784560508909
=035  \\$a(OCoLC)929688455
=040  \\$aWTU$beng$cYUS$dOCLCO$dYUS$dOCLCO$dOCLCF$dOCLCA$dUk$erda$epn
=041  1\$ajpn$hfre
=100  10$aBrunot, Patrick,$d1947-$eauthor.
=240  10$aTchétchénie.$lJapanese
=245  10$6880-01$aChechen /$cPatorikku Buryunō, Viachesurafu Avyutsukī cho ; Hagitani Ryō yaku.
=264  \1$6880-02$aTōkyō :$bHakusuisha,$c2005.
=300  \\$a1 online resource.
=336  \\$atext$btxt$2rdacontent
=337  \\$acomputer$bc$2rdamedia
=338  \\$aonline resource$bcr$2rdacarrier
=490  1\$6880-03$aBunko Kuseju ;$v890
=504  \\$aIncludes bibliographical references.
=588  \\$aDescription based on print version.
=651  \0$aChechni︠a︡ (Russia)
=651  \7$aRussia (Federation)$zChechni︠a︡.$2fast$0(OCoLC)fst01268946
=700  1\$6880-04$aHagitani, Ryō,$d1950-$etranslator.
=700  1\$aAvioutskii, Viatcheslav,$eauthor.
=700  1\$iTranslation of:$aBrunot, Patrick,$d1947-$tLa Tchétchénie.
=773  0\$tJapanKnowledge
=776  08$iPrint version:$tChiechien
=830  \0$6880-05$aBunko kuseju$v890.
=856  40$3JapanKnowledge$uhttp://japanknowledge.com/lib/display/?lid=8021008900000$yJapanKnowledge Lib
=880  10$6245-01$aチェチェン /$cパトリック・ブリュノー, ヴィアチェスラフ・アヴュツキー著 ; 萩谷良訳.
=880  \1$6264-02$a東京 :$b白水社,$c2005.
=880  1\$6490-03$a文庫クセジュ ;$v890
=880  1\$6700-04$a萩谷良,$d1950-$etranslator.
=880  \0$6830-05$a文庫クセジュ ;$v890.
=859  \\$aORR$bJapanKnowledge
=CAT  \\$aW1704-1242$b00$c20170509$lBLL01$h0927
=CAT  \\$aBATCH-UPD$b00$c20170509$lBLL01$h0937
=CAT  \\$aW2003-0365$c20200305$lBLL01$h1101
=FIN  \\$aY$d20170509
=SID  \\$aZ30$bOCLC
=SRC  \\$aJapanKnowledge_2017$bJK_OCLC20170203.mrc
=LAS  \\$aW2003-0365$b00$c20200305$lBLL01$h1101

