=LDR  02384 am a22005894i 4500
=001  018338481
=003  Uk
=005  20170106043214.0
=006  m\\\\\o\\d\\\\\\\\
=007  cr\|||||||||||
=008  151117s2007\\\\ja\\\\\go\\\\\000\0\jpnod
=FMT  \\$a  BK
=020  \\$z4560509131
=020  \\$z9784560509135
=035  \\$a(OCoLC)929688326
=040  \\$aWTU$beng$cYUS$dOCLCO$dYUS$dOCLCO$dOCLCF$dUk$erda$epn
=041  1\$ajpn$hfre
=100  10$aCharmasson, Thérèse,$eauthor.
=240  10$aChronologie de la France médiévale.$lJapanese
=245  10$6880-01$aFuransu chūseishi nenpyō :$b481-1515-nen /$cTerēzu Sharumason cho ; Fukumoto Naoyuki yaku.
=264  \1$6880-02$aTōkyō :$bHakusuisha,$c2007.
=300  \\$a1 online resource.
=336  \\$atext$btxt$2rdacontent
=337  \\$acomputer$bc$2rdamedia
=338  \\$aonline resource$bcr$2rdacarrier
=490  0\$6880-03$aBunko Kuseju ;$v913
=588  \\$aDescription based on print version.
=648  \7$aTo 1515$2fast
=651  \0$aFrance$xHistory$yTo 987$vChronology.
=651  \0$aFrance$xHistory$yMedieval period, 987-1515$vChronology.
=651  \7$aFrance.$2fast$0(OCoLC)fst01204289
=655  \7$aChronologies.$2fast$0(OCoLC)fst01423901
=655  \7$aHistory.$2fast$0(OCoLC)fst01411628
=700  1\$6880-04,$aFukumoto, Naoyuki,$d1939-$etranslator.
=700  1\$iTranslation of:$aCharmasson, Thérèse.$tChronologie de la France médiévale.
=773  0\$tJapanKnowledge
=776  08$iPrint version:$tFuransu chūseishi nenpyō
=830  \0$6880-05$aBunko kuseju$v913.
=856  40$3JapanKnowledge$uhttp://japanknowledge.com/lib/display/?lid=8021009130000$yJapanKnowledge Lib
=880  10$6245-01$aフランス中世史年表 :$b四八一~一五一五年 /$cテレーズ・シャルマソン著 ; 福本直之訳.
=880  \1$6264-02$a東京 :$b白水社,$c2007.
=880  0\$6490-03$a文庫クセジュ ;$v913
=880  1\$6700-04$a福本直之,$d1939-$etranslator.
=880  \0$6830-05$a文庫クセジュ ;$v913.
=859  \\$aORR$bJapanKnowledge
=CAT  \\$aW1704-1242$b00$c20170509$lBLL01$h0927
=CAT  \\$aBATCH-UPD$b00$c20170509$lBLL01$h0937
=CAT  \\$aW2003-0365$c20200305$lBLL01$h1101
=FIN  \\$aY$d20170509
=SID  \\$aZ30$bOCLC
=SRC  \\$aJapanKnowledge_2017$bJK_OCLC20170203.mrc
=LAS  \\$aW2003-0365$b00$c20200305$lBLL01$h1101

