=LDR  02527 am a22005774i 4500
=001  018338482
=003  Uk
=005  20170106043215.0
=006  m\\\\\o\\d\\\\\\\\
=007  cr\|||||||||||
=008  151113s1992\\\\ja\\\\\\o\\\\\000\0\jpn\d
=FMT  \\$a  BK
=020  \\$z4560057303
=020  \\$z9784560057308
=035  \\$a(OCoLC)929028994
=040  \\$aSTF$beng$cYUS$dOCLCO$dYUS$dOCLCO$dOCLCF$dUk$erda$epn
=041  1\$ajpn$hfre
=050  \4$aPQ2191.Z5$bR56163 1992
=100  1\$aRincé, Dominique,$eauthor.
=240  10$aBaudelaire et la modernité poétique.$lJapanese
=245  10$6880-01$aBōdorēru :$bshi no gendaisei /$cDominique Rincé ; Suzuki Keiji yaku.
=264  \1$6880-02$aTōkyō :$bHakusuisha,$c1992.
=300  \\$a1 online resource (158, 3 pages).
=336  \\$atext$btxt$2rdacontent
=337  \\$acomputer$bc$2rdamedia
=338  \\$aonline resource$bcr$2rdacarrier
=490  1\$6880-03$aBunko kuseju ;$v730
=504  \\$aIncludes bibliographical references.
=588  \\$aDescription based on print version record.
=600  10$aBaudelaire, Charles,$d1821-1867$xCriticism and interpretation.
=600  17$aBaudelaire, Charles,$d1821-1867$2fast$0(OCoLC)fst00031368
=655  \7$aCriticism, interpretation, etc.$2fast$0(OCoLC)fst01411635
=700  1\$6880-04$aSuzuki, Keiji,$d1958-$etranslator.
=773  0\$tJapanKnowledge
=776  08$6880-05$iPrint version:$aRincé, Dominique.$sBaudelaire et la modernité poétique. Japanese.$tBōdorēru.$dTōkyō : Hakusuisha, 1992
=830  \0$6880-06$aBunko kuseju$v730.
=856  40$3JapanKnowledge$uhttp://japanknowledge.com/lib/display/?lid=8021007300000$yJapanKnowledge Lib
=880  10$6245-01$aボードレール :$b詩の現代性 /$cドミニック・ランセ ; 鈴木啓司訳.
=880  \1$6264-02$a東京 :$b白水社,$c1992.
=880  1\$6490-03$a文庫クセジュ ;$v730
=880  1\$6700-04$a鈴木啓司,$d1958-$etranslator.
=880  08$6776-05$iPrint version:$aRincé, Dominique.$sBaudelaire et la modernité poétique. Japanese.$tボードレール.$d東京 : 白水社, 1992$w(OCoLC)33783853
=880  \0$6830-06$a文庫クセジュ ;$v730.
=859  \\$aORR$bJapanKnowledge
=CAT  \\$aW1704-1242$b00$c20170509$lBLL01$h0927
=CAT  \\$aBATCH-UPD$b00$c20170509$lBLL01$h0937
=CAT  \\$aW2003-0365$c20200305$lBLL01$h1101
=FIN  \\$aY$d20170509
=SID  \\$aZ30$bOCLC
=SRC  \\$aJapanKnowledge_2017$bJK_OCLC20170203.mrc
=LAS  \\$aW2003-0365$b00$c20200305$lBLL01$h1101

