=LDR  02393 am a22005897i 4500
=001  018338483
=003  Uk
=005  20170106043215.0
=006  m\\\\\o\\d\\\\\\\\
=007  cr\unu---uuaua
=008  090109s1969\\\\ja\a\\\\o\\\\\000\0\jpn\d
=FMT  \\$a  BK
=019  \\$a644297129
=035  \\$a(OCoLC)297964490$z(OCoLC)644297129
=040  \\$aOCLCE$beng$cOCLCE$dOCLCQ$dCUS$dOCLCQ$dOCLCO$dOCLCQ$dOCLCF$dOCLCA$dYUS$dOCLCO$dYUS$dOCLCO$dOCLCQ$dYUS$dOCLCO$dUk$epn
=041  1\$ajpn$heng
=042  \\$adlr
=043  \\$aa-ja---
=050  \4$aDS821$b.C4316
=100  1\$aChamberlain, Basil Hall,$d1850-1935.
=240  10$aThings Japanese.$lJapanese
=245  10$6880-01$aNihon jibutsushi /$cChenbaren cho ; Takanashi Kenkichi yaku.
=250  \\$6880-02$aShohan.
=260  \\$6880-03$aTōkyō :$bHeibonsha,$cShōwa 44 [1969]
=300  \\$a1 online resource (2 volumes) :$billustrations.
=336  \\$atext$btxt$2rdacontent
=337  \\$acomputer$bc$2rdamedia
=338  \\$aonline resource$bcr$2rdacarrier
=490  1\$6880-04$aTōyō bunko ;$v131, 147
=588  0\$aPrint version record.
=651  \0$aJapan.
=651  \7$aJapan.$2fast$0(OCoLC)fst01204082
=700  1\$6880-05$aTakanashi, Kenkichi,$d1919-2010
=773  0\$tJapanKnowledge
=776  08$iPrint version:$aChamberlain, Basil Hall, 1850-1935.$sThings Japanese. Japanese.$tNihon jibutsushi.$dTōkyō : Heibonsha, Shōwa 44 [1969]
=830  \0$6880-06$aTōyō bunko$v131, 147.
=856  40$3JapanKnowledge Volume 1$uhttp://japanknowledge.com/lib/display/?lid=80010V0131P0002$yJapanKnowledge Lib
=856  40$3JapanKnowledge Volume 2$uhttp://japanknowledge.com/lib/display/?lid=80010V0147P0002$yJapanKnowledge Lib
=880  10$6245-01/{dollar}1$a日本事物誌 /$cチェンバレン著 ; 高梨健吉訳.
=880  \\$6250-02/{dollar}1$a初版.
=880  \\$6260-03/{dollar}1$a東京 :$b平凡社,$c昭和44 [1969]
=880  1\$6490-04/{dollar}1$a東洋文庫 ;$v131, 147
=880  1\$6700-05/{dollar}1$a高梨健吉,$d1919-
=880  \0$6830-06/{dollar}1$a東洋文庫 ;$v131, 147.
=859  \\$aORR$bJapanKnowledge
=CAT  \\$aW1704-1242$b00$c20170509$lBLL01$h0927
=CAT  \\$aBATCH-UPD$b00$c20170509$lBLL01$h0937
=CAT  \\$aW2003-0365$c20200305$lBLL01$h1101
=FIN  \\$aY$d20170509
=SID  \\$aZ30$bOCLC
=SRC  \\$aJapanKnowledge_2017$bJK_OCLC20170203.mrc
=LAS  \\$aW2003-0365$b00$c20200305$lBLL01$h1101

