=LDR  02587 am a22006374i 4500
=001  018338484
=003  Uk
=005  20170106043215.0
=006  m\\\\\o\\d\\\\\\\\
=007  cr\|||||||||||
=008  160115s2001\\\\ja\\\\\\o\\\\\000\0\jpn\d
=FMT  \\$a  BK
=020  \\$z4560058385
=020  \\$z9784560058381
=035  \\$a(OCoLC)934799040
=040  \\$aSTF$beng$cYUS$dOCLCO$dYUS$dOCLCO$dOCLCF$dOCLCO$dUk$erda$epn
=041  1\$ajpn$hfre
=050  \4$aPA4037$b.R6163 2001
=100  1\$aRomilly, Jacqueline de,$eauthor.
=240  10$aHomère.$lJapanese
=245  10$6880-01$aHomerosu /$cJakurīnu do Romīi cho ; Arita Jun yaku.
=264  \1$6880-02$aTokyo :$bHakusuisha,$c2001.
=300  \\$a1 online resource.
=336  \\$atext$btxt$2rdacontent
=337  \\$acomputer$bc$2rdamedia
=338  \\$aonline resource$bcr$2rdacarrier
=490  1\$6880-03$aBunko kuseju ;$v838
=588  \\$aDescription based on print version record.
=600  00$aHomer$xCriticism and interpretation.
=600  07$aHomer$2fast$0(OCoLC)fst00029137
=650  \0$aEpic poetry, Greek$xHistory and criticism.
=650  \7$6880-04$aIriasu.$2jlabsh
=650  \7$6880-05$aOdyusseia.$2jlabsh
=650  \7$aEpic poetry, Greek.$2fast$0(OCoLC)fst00913902
=655  \7$aCriticism, interpretation, etc.$2fast$0(OCoLC)fst01411635
=700  1\$6880-06$aArita, Jun,$d1922-$etranslator.
=773  0\$tJapanKnowledge
=776  08$6880-07$iPrint version:$aRomilly, Jacqueline de.$sHomère. Japanese.$tHomerosu.$dTōkyō : Hakusuisha, 2001
=830  \0$6880-08$aBunko kuseju$v838.
=856  40$3JapanKnowledge$uhttp://japanknowledge.com/lib/display/?lid=8021008380000$yJapanKnowledge Lib
=880  10$6245-01$aホメロス /$cジャクリーヌ・ド・ロミーイ著 ; 有田潤訳.
=880  \1$6264-02$a東京 :$b白水社,$c2001.
=880  1\$6490-03$a文庫クセジュ ;$v838
=880  \7$6650-04$aイーリアス.$2jlabsh
=880  \7$6650-05$aオデュッセイア.$2jlabsh
=880  1\$6700-06$a有田潤,$d1922-$etranslator.
=880  08$6776-07$iPrint version:$aRomilly, Jacqueline de.$sHomère. Japanese.$tホメロス.$d東京 : 白水社, 2001$w(OCoLC)122913478
=880  \0$6830-08$a文庫クセジュ ;$v838.
=859  \\$aORR$bJapanKnowledge
=CAT  \\$aW1704-1242$b00$c20170509$lBLL01$h0927
=CAT  \\$aBATCH-UPD$b00$c20170509$lBLL01$h0937
=CAT  \\$aW2003-0365$c20200305$lBLL01$h1101
=FIN  \\$aY$d20170509
=SID  \\$aZ30$bOCLC
=SRC  \\$aJapanKnowledge_2017$bJK_OCLC20170203.mrc
=LAS  \\$aW2003-0365$b00$c20200305$lBLL01$h1101

