=LDR  02306 am a22006014i 4500
=001  018338485
=003  Uk
=005  20170106043216.0
=006  m\\\\\o\\d\\\\\\\\
=007  cr\|||||||||||
=008  151113s1997\\\\ja\\\\\go\\\\\000\0\jpn\d
=FMT  \\$a  BK
=020  \\$z4560057893
=020  \\$z9784560057896
=035  \\$a(OCoLC)929031470
=040  \\$aCNEAL$beng$cYUS$dOCLCO$dYUS$dOCLCO$dOCLCF$dUk$erda$epn
=041  1\$ajpn$hfre
=050  \4$aB4201$b.Z37165 1997
=100  1\$aZapata, René,$d1947-$eauthor.
=240  10$aPhilosophie russe et soviétique.$lJapanese
=245  10$6880-01$aRoshia Sovieto tetsugakushi /$cRune Zapata cho ; Harada Yoshihiko yaku.
=264  \1$6880-02$aTōkyō :$bHakusuisha,$c1997.
=300  \\$a1 online resource.
=336  \\$atext$btxt$2rdacontent
=337  \\$acomputer$bc$2rdamedia
=338  \\$aonline resource$bcr$2rdacarrier
=490  1\$6880-03$aBunko kuseju ;$v789
=500  \\$aTranslation of: La philosophie russe et soviétique.
=588  \\$aDescription based on print version.
=650  \0$aPhilosophy, Russian.
=650  \0$aPhilosophy$zSoviet Union.
=650  \7$aPhilosophy.$2fast$0(OCoLC)fst01060777
=650  \7$aPhilosophy, Russian.$2fast$0(OCoLC)fst01061103
=651  \7$aSoviet Union.$2fast$0(OCoLC)fst01210281
=700  1\$6880-04$aHarada, Yoshihiko,$d1944-
=773  0\$tJapanKnowledge
=776  08$iPrint version:$tRoshia sovieto tetsugakushi.
=830  \0$6880-05$aBunko kuseju$v789.
=856  40$3JapanKnowledge$uhttp://japanknowledge.com/lib/display/?lid=8021007890000$yJapanKnowledge Lib
=880  10$6245-01/{dollar}1$aロシア・ソヴィエト哲学史 /$cルネ・ザパタ著 ; 原田佳彦訳.
=880  \1$6264-02/{dollar}1$a東京 :$b白水社,$c1997.
=880  1\$6490-03/{dollar}1$a文庫クセジュ ;$v789
=880  1\$6700-04/{dollar}1$a原田佳彦,$d1944-
=880  \0$6830-05/{dollar}1$a文庫クセジュ ;$v789.
=859  \\$aORR$bJapanKnowledge
=CAT  \\$aW1704-1242$b00$c20170509$lBLL01$h0927
=CAT  \\$aBATCH-UPD$b00$c20170509$lBLL01$h0937
=CAT  \\$aW2003-0365$c20200305$lBLL01$h1101
=CAT  \\$aBATCH-UPD$b00$c20200511$lBLL01$h2027
=FIN  \\$aY$d20170509
=SID  \\$aZ30$bOCLC
=SRC  \\$aJapanKnowledge_2017$bJK_OCLC20170203.mrc
=LAS  \\$aBATCH-UPD$b00$c20200511$lBLL01$h2027

