=LDR  02169 am a22005774i 4500
=001  018338486
=003  Uk
=005  20170106043216.0
=006  m\\\\\o\\d\\\\\\\\
=007  cr\|||||||||||
=008  151113s2001\\\\ja\\\\\\o\\\\\001\0\jpn\d
=FMT  \\$a  BK
=020  \\$z4560058369
=020  \\$z9784560058367
=035  \\$a(OCoLC)929031262
=040  \\$aCNEAL$beng$cYUS$dOCLCO$dYUS$dOCLCO$dOCLCF$dUk$erda$epn
=041  1\$ajpn$hfre
=050  \4$aN5940$b.B37165 2001
=100  1\$aBarral i Altet, Xavier,$eauthor.
=240  10$aArt m̌dǐval.$lJapanese
=245  10$6880-01$aChūsei no geijutsu /$cGuzavie Bararu i Arute cho ; Nishida Masatsugu yaku.
=264  \1$6880-02$aTokyo :$bHakusuisha,$c2001.
=300  \\$a1 online resource.
=336  \\$atext$btxt$2rdacontent
=337  \\$acomputer$bc$2rdamedia
=338  \\$aonline resource$bcr$2rdacarrier
=490  1\$6880-03$aBunko kuseju ;$v836
=500  \\$aTranslation of: L'art m̌dǐval.
=588  \\$aDescription based on print version.
=650  \0$aArt, Medieval.
=650  \7$6880-04$aBijutsu$xRekishi$xChusei.$2jlabsh
=650  \7$aArt, Medieval.$2fast$0(OCoLC)fst00816576
=700  1\$6880-05$aNishida, Masatsugu,$d1958-
=773  0\$tJapanKnowledge
=776  08$iPrint version:$tChūsei no geijutsu
=830  \0$6880-06$aBunko kuseju$v836.
=856  40$3JapanKnowledge$uhttp://japanknowledge.com/lib/display/?lid=8021008360000$yJapanKnowledge Lib
=880  10$6245-01/{dollar}1$a中世の芸術 /$cグザヴィエ・バラル・イ・アルテ著 ; 西田雅嗣訳.
=880  \1$6264-02/{dollar}1$a東京 :$b白水社,$c2001.
=880  1\$6490-03/{dollar}1$a文庫クセジュ ;$v836
=880  \7$6650-04/{dollar}1$a美術$x歴史$x中世.$2jlabsh
=880  1\$6700-05/{dollar}1$a西田雅嗣,$d1958-
=880  \0$6830-06/{dollar}1$a文庫クセジュ ;$v836.
=859  \\$aORR$bJapanKnowledge
=CAT  \\$aW1704-1242$b00$c20170509$lBLL01$h0927
=CAT  \\$aBATCH-UPD$b00$c20170509$lBLL01$h0937
=CAT  \\$aW2003-0365$c20200305$lBLL01$h1101
=FIN  \\$aY$d20170509
=SID  \\$aZ30$bOCLC
=SRC  \\$aJapanKnowledge_2017$bJK_OCLC20170203.mrc
=LAS  \\$aW2003-0365$b00$c20200305$lBLL01$h1101

