=LDR  02110cam a22005654i 4500
=001  018338487
=003  Uk
=005  20170106043217.0
=006  m\\\\\o\\d\\\\\\\\
=007  cr\|||||||||||
=008  151113s2000\\\\ja\\\\\\o\\\\\000\0\jpn\d
=FMT  \\$a  BK
=020  \\$z4560058318
=020  \\$z9784560058312
=035  \\$a(OCoLC)929031194
=040  \\$aCNEAL$beng$cYUS$dOCLCO$dYUS$dOCLCO$dOCLCF$dUk$erda$epn
=041  1\$ajpn$hfre
=050  \4$aDC67$b.M873165 2000
=100  1\$aMussot-Goulard, Renée,$eauthor.
=240  10$aClovis.$lJapanese
=245  10$6880-01$aKurōvisu /$cRune Myuso-Gurāru cho ; Kanō Osamu yaku.
=264  \1$6880-02$aTokyo :$bHakusuisha,$c2000.
=300  \\$a1 online resource.
=336  \\$atext$btxt$2rdacontent
=337  \\$acomputer$bc$2rdamedia
=338  \\$aonline resource$bcr$2rdacarrier
=490  1\$6880-03$aBunko kuseju ;$v831
=500  \\$aTranslation of: Clovis.
=588  \\$aDescription based on print version.
=600  00$aClovis,$cKing of the Franks,$dapproximately 466-511.
=600  07$aClovis,$cKing of the Franks,$dapproximately 466-511$2fast$0(OCoLC)fst01812959
=700  1\$6880-04$aKanō, Osamu,$d1970-
=773  0\$tJapanKnowledge
=776  08$iPrint version:$tKurovisu
=830  \0$6880-05$aBunko kuseju$v831.
=856  40$3JapanKnowledge$uhttp://japanknowledge.com/lib/display/?lid=8021008310000$yJapanKnowledge Lib
=880  10$6245-01/{dollar}1$aクローヴィス /$cルネ・ミュソ=グラール著 ; 加納修訳.
=880  \1$6264-02/{dollar}1$a東京 :$b白水社,$c2000.
=880  1\$6490-03/{dollar}1$a文庫クセジュ ;$v831
=880  1\$6700-04/{dollar}1$a加納修,$d1970-
=880  \0$6830-05/{dollar}1$a文庫クセジュ ;$v831.
=859  \\$aORR$bJapanKnowledge
=CAT  \\$aW1704-1242$b00$c20170509$lBLL01$h0927
=CAT  \\$aBATCH-UPD$b00$c20170509$lBLL01$h0937
=CAT  \\$aW2003-0365$c20200305$lBLL01$h1101
=CAT  \\$aBATCH-UPD$b00$c20220804$lBLL01$h2039
=FIN  \\$aY$d20170509
=SID  \\$aZ30$bOCLC
=SRC  \\$aJapanKnowledge_2017$bJK_OCLC20170203.mrc
=LAS  \\$aBATCH-UPD$b00$c20220804$lBLL01$h2039

