=LDR  02001 am a22005414i 4500
=001  018338488
=003  Uk
=005  20170106043217.0
=006  m\\\\\o\\d\\\\\\\\
=007  cr\|||||||||||
=008  151113s1975\\\\ja\\\\\\o\\\\\000\0\jpn\d
=FMT  \\$a  BK
=020  \\$z4560055904
=020  \\$z9784560055908
=035  \\$a(OCoLC)929031135
=040  \\$aCNEAL$beng$cYUS$dOCLCO$dYUS$dOCLCO$dOCLCF$dUk$erda$epn
=041  1\$ajpn$hfre
=050  \4$aD117$b.H38167 1975
=100  1\$aHaucourt, Geneviève d',$eauthor.
=245  10$6880-01$aChūsei Yōroppa no seikatsu /$cJunevievu Dōkūru cho ; Ōshima Makoto yaku.
=264  \1$6880-02$aTōkyō :$bHakusuisha,$c1975.
=300  \\$a1 online resource.
=336  \\$atext$btxt$2rdacontent
=337  \\$acomputer$bc$2rdamedia
=338  \\$aonline resource$bcr$2rdacarrier
=490  1\$6880-03$aBunko kuseju ;$v590
=588  \\$aDescription based on print version.
=650  \0$aMiddle Ages.
=650  \7$aMiddle Ages.$2fast$0(OCoLC)fst01020301
=700  1\$6880-05$aŌshima, Makoto.
=730  0\$aVie au moyen age.
=773  0\$tJapanKnowledge
=776  08$iPrint version:$tChūsei yōroppa no seikatsu
=830  \0$6880-06$aBunko kuseju$v590.
=856  40$3JapanKnowledge$uhttp://japanknowledge.com/lib/display/?lid=8021005900000$yJapanKnowledge Lib
=880  10$6245-01/{dollar}1$a中世ヨーロッパの生活 /$cジュヌヴィエーヴ・ドークール著 ; 大島誠訳.
=880  \1$6264-02/{dollar}1$a東京 :$b白水社,$c1975.
=880  1\$6490-03/{dollar}1$a文庫クセジュ ;$v590
=880  1\$6700-05/{dollar}1$a大島誠.
=880  \0$6830-06/{dollar}1$a文庫クセジュ ;$v590.
=859  \\$aORR$bJapanKnowledge
=CAT  \\$aW1704-1242$b00$c20170509$lBLL01$h0927
=CAT  \\$aBATCH-UPD$b00$c20170509$lBLL01$h0937
=CAT  \\$aW2003-0365$c20200305$lBLL01$h1101
=FIN  \\$aY$d20170509
=SID  \\$aZ30$bOCLC
=SRC  \\$aJapanKnowledge_2017$bJK_OCLC20170203.mrc
=LAS  \\$aW2003-0365$b00$c20200305$lBLL01$h1101

