=LDR  02763 am a22006854i 4500
=001  018338489
=003  Uk
=005  20170106043217.0
=006  m\\\\\o\\d\\\\\\\\
=007  cr\|||||||||||
=008  160115s2003\\\\ja\\\\\gob\\\\000\0\jpn\d
=FMT  \\$a  BK
=020  \\$z4560058598
=020  \\$z9784560058596
=035  \\$a(OCoLC)934799031
=040  \\$aWTU$beng$cYUS$dOCLCO$dYUS$dOCLCO$dOCLCF$dOCLCO$dOCL$dUk$erda$epn
=041  1\$ajpn$hfre
=100  1\$aBriant, Pierre,$eauthor.
=240  10$aAlexandre le Grand.$lJapanese
=245  00$6880-01$aArekusandorosu daiō /$cPiēru Burian cho ; Tamura Takashi yaku.
=264  \1$6880-02$aTōkyō :$bHakusuisha,$c2003.
=300  \\$a1 online resource.
=336  \\$atext$btxt$2rdacontent
=337  \\$acomputer$bc$2rdamedia
=338  \\$aonline resource$bcr$2rdacarrier
=490  1\$6880-03$aBunko kuseju ;$v859
=504  \\$aIncludes bibliographical references.
=588  \\$aDescription based on print version.
=600  00$aAlexander,$cthe Great,$d356 B.C.-323 B.C.
=600  07$aAlexander,$cthe Great,$d356 B.C.-323 B.C.$2fast$0(OCoLC)fst01800513
=611  27$aMacedonian Expansion (Greece : 359-323 B.C.)$2fast$0(OCoLC)fst01353599
=648  \7$a359-323 B.C$2fast
=650  \0$aGenerals$zGreece$vBiography.
=650  \7$aGenerals.$2fast$0(OCoLC)fst00939841
=650  \7$aKings and rulers.$2fast$0(OCoLC)fst00987694
=651  \0$aGreece$xHistory$yMacedonian Expansion, 359-323 B.C.
=651  \0$aGreece$xKings and rulers$vBiography.
=651  \7$aGreece.$2fast$0(OCoLC)fst01208380
=655  \7$aBiography.$2fast$0(OCoLC)fst01423686
=655  \7$aHistory.$2fast$0(OCoLC)fst01411628
=700  1\$6880-04$aTamura, Takashi,$d1947-$etranslator.
=700  1\$iTranslation of:$aBriant, Pierre.$tAlexandre le Grand.
=773  0\$tJapanKnowledge
=776  08$iPrint version:$tArekusandorosu daio.
=830  \0$6880-05$aBunko kuseju$v859.
=856  40$3JapanKnowledge$uhttp://japanknowledge.com/lib/display/?lid=8021008590000$yJapanKnowledge Lib
=880  00$6245-01/{dollar}1$aアレクサンドロス大王 /$cピエール・ブリアン著 ; 田村孝訳.
=880  \1$6264-02/{dollar}1$a東京 :$b白水社,$c2003.
=880  1\$6490-03/{dollar}1$a文庫クセジュ ;$v859
=880  1\$6700-04/{dollar}1$a田村孝,$d1947-$etranslator.
=880  \0$6830-05/{dollar}1$a文庫クセジュ ;$v859.
=859  \\$aORR$bJapanKnowledge
=CAT  \\$aW1704-1242$b00$c20170509$lBLL01$h0927
=CAT  \\$aBATCH-UPD$b00$c20170509$lBLL01$h0937
=CAT  \\$aBATCH-UPD$b00$c20180111$lBLL01$h2047
=CAT  \\$aW2003-0365$c20200305$lBLL01$h1101
=FIN  \\$aY$d20170509
=SID  \\$aZ30$bOCLC
=SRC  \\$aJapanKnowledge_2017$bJK_OCLC20170203.mrc
=LAS  \\$aW2003-0365$b00$c20200305$lBLL01$h1101

