=LDR  02363 am a22005897a 4500
=001  018338490
=003  Uk
=005  20170106043217.0
=006  m\\\\\o\\d\\\\\\\\
=007  cr\|||||||||||
=008  100418m19809999ja\a\\\\ob\\\\000\0\jpn\d
=FMT  \\$a  BK
=019  \\$a297358105
=035  \\$a(OCoLC)607899139$z(OCoLC)297358105
=040  \\$aOCLCE$beng$cOCLCE$dOCLCQ$dCUS$dOCLCQ$dOCLCF$dYUS$dOCLCO$dYUS$dOCLCO$dOCLCQ$dYUS$dOCLCO$dUk$epn
=041  1\$ajpn$hsan
=042  \\$adlr
=050  \4$aBL1139.22$b.J3 1980
=100  0\$aVālmīki.
=240  10$aRāmāyaṇa.$lJapanese
=245  10$6880-01$aRāmāyana /$cVārumīki ; Iwamoto Yutaka yaku.
=250  \\$6880-02$aShohan.
=260  \\$6880-03$aTōkyō :$bHeibonsha,$c1980-<1985>
=300  \\$a1 online resource (volumes <1-2>) :$billustrations.
=336  \\$atext$btxt$2rdacontent
=337  \\$acomputer$bc$2rdamedia
=338  \\$aonline resource$bcr$2rdacarrier
=490  1\$6880-04$aTōyō bunko ;$v376, <441>
=504  \\$aIncludes bibliographical references.
=588  0\$aPrint version record.
=650  \0$aRāma (Hindu deity)
=650  \7$aRāma (Hindu deity)$2fast$0(OCoLC)fst01102729
=700  1\$6880-05$aIwamoto, Yutaka,$d1910-
=773  0\$tJapanKnowledge
=776  08$iPrint version:$aVālmīki.$sRāmāyaṇa. Japanese.$tRāmāyana.$bShohan.$dTōkyō : Heibonsha, 1980-<1985>
=830  \0$6880-06$aTōyō bunko$v376, etc.
=856  40$3JapanKnowledge Volume 1$uhttp://japanknowledge.com/lib/display/?lid=80010V0376P0002$yJapanKnowledge Lib
=856  40$3JapanKnowledge Volume 2$uhttp://japanknowledge.com/lib/display/?lid=80010V0441P0002$yJapanKnowledge Lib
=880  10$6245-01/{dollar}1$aラーマーヤナ /$cヴァールミーキ ; 岩本裕訳.
=880  \\$6250-02/{dollar}1$a初版.
=880  \\$6260-03/{dollar}1$a東京 :$b平凡社,$c1980-<1985>
=880  1\$6490-04/{dollar}1$a東洋文庫 ;$v376, <441>
=880  1\$6700-05/{dollar}1$a岩本裕,$d1910-
=880  \0$6830-06/{dollar}1$a東洋文庫 ;$v376, etc.
=859  \\$aORR$bJapanKnowledge
=CAT  \\$aW1704-1242$b00$c20170509$lBLL01$h0927
=CAT  \\$aBATCH-UPD$b00$c20170509$lBLL01$h0937
=CAT  \\$aW2003-0365$c20200305$lBLL01$h1101
=FIN  \\$aY$d20170509
=SID  \\$aZ30$bOCLC
=SRC  \\$aJapanKnowledge_2017$bJK_OCLC20170203.mrc
=LAS  \\$aW2003-0365$b00$c20200305$lBLL01$h1101

