=LDR  03321 am a2200781 a 4500
=001  018338491
=003  Uk
=005  20170106043218.0
=006  m\\\\\o\\d\\\\\\\\
=007  cr\un|||||||||
=008  120202s1973\\\\ja\af\\\ob\\\\000\0cjpn\d
=FMT  \\$a  BK
=035  \\$a(OCoLC)774913780
=040  \\$aCUS$beng$cCUS$dOCLCQ$dOCLCA$dOCLCF$dOCLCO$dYUS$dOCLCO$dYUS$dOCLCQ$dYUS$dOCLCO$dOCLCQ$dYUS$dOCLCO$dUk
=041  1\$ajpn$hita
=043  \\$aa-ja---$ae-it---
=050  \4$aBV3443$b.V316
=100  1\$aValignano, Alessandro,$d1538-1606.
=240  10$aSumario de las cosas de Japón (1583).$lJapanese
=245  10$6880-01$aNihon junsatsuki /$cVarinyāno cho ; Matsuda Kiichi [and others] yaku.
=250  \\$6880-02$aShohan.
=260  \\$6880-03$aTōkyō :$bHeibonsha,$cShōwa 48 [1973]
=300  \\$a1 online resource (365 pages, [2] leaves of plates) :$billustrations.
=336  \\$atext$btxt$2rdacontent
=337  \\$acomputer$bc$2rdamedia
=338  \\$aonline resource$bcr$2rdacarrier
=490  1\$6880-04$aTōyō bunko ;$v229
=500  \\$6880-05$a"Ajuda Toshokan ... bunsho no hōyaku."
=504  \\$aIncludes bibliographical references (page x).
=588  0\$aPrint version record.
=600  10$aValignano, Alessandro,$d1538-1606.
=600  17$aValignano, Alessandro,$d1538-1606$2fast$0(OCoLC)fst00063101
=610  20$aJesuits$zJapan.
=610  27$aJesuits$2fast$0(OCoLC)fst00532143
=650  \0$aMissions$zJapan.
=650  \0$aMissionaries$zItaly$vBiography.
=650  \0$aMissionaries$zJapan$vBiography.
=650  07$6880-06$aKirisutokyō-Nihon.$2jlabsh/4
=650  07$6880-07$aKirisutokyō-Dendō.$2jlabsh/4
=650  \7$aMissionaries.$2fast$0(OCoLC)fst01023720
=650  \7$aMissions.$2fast$0(OCoLC)fst01023771
=651  \7$aItaly.$2fast$0(OCoLC)fst01204565
=651  \7$aJapan.$2fast$0(OCoLC)fst01204082
=655  \7$aBiography.$2fast$0(OCoLC)fst01423686
=700  1\$6880-08$aMatsuda, Kiichi,$d1921-1997
=773  0\$tJapanKnowledge
=776  08$iPrint version:$aValignano, Alessandro, 1538-1606.$sSumario de las cosas de Japón (1583). Japanese.$tNihon junsatsuki.$dTōkyō : Heibonsha, Shōwa 48 [1973]
=830  \0$6880-09$aTōyō bunko$v229.
=856  40$3JapanKnowledge$uhttp://japanknowledge.com/lib/display/?lid=80010V0229P0004$yJapanKnowledge Lib
=880  10$6245-01/{dollar}1$a日本巡察記 /$cヴァリニャー ノ著 ; 松田毅一 [and others]訳.
=880  \\$6250-02/{dollar}1$a初版.
=880  \\$6260-03/{dollar}1$a東京 :$b平凡社,$c昭和48 [1973]
=880  1\$6490-04/{dollar}1$a東洋文庫 ;$v229
=880  \\$6500-05/{dollar}1$a"アジュダ図書館 ... 文書の邦訳."
=880  07$6650-06/{dollar}1$aキリスト教-日本.$2jlabsh/4
=880  07$6650-07/{dollar}1$aキリスト教-伝道.$2jlabsh/4
=880  1\$6700-08/{dollar}1$a松田毅一,$d1921-
=880  \0$6830-09/{dollar}1$a東洋文庫 ;$v229.
=859  \\$aORR$bJapanKnowledge
=CAT  \\$aW1704-1242$b00$c20170509$lBLL01$h0927
=CAT  \\$aBATCH-UPD$b00$c20170509$lBLL01$h0937
=CAT  \\$a9572$b40$c20190520$lBLL01$h1024
=CAT  \\$aBATCH-UPD$b40$c20190520$lBLL01$h1024
=CAT  \\$aW2003-0365$c20200305$lBLL01$h1101
=FIN  \\$aY$d20170509
=SID  \\$aZ30$bOCLC
=SRC  \\$aJapanKnowledge_2017$bJK_OCLC20170203.mrc
=LAS  \\$aW2003-0365$b00$c20200305$lBLL01$h1101

