=LDR  02930 am a22007217a 4500
=001  018338492
=003  Uk
=005  20170106043219.0
=006  m\\\\\o\\d\\\\\\\\
=007  cr\un|||||||||
=008  120329s1997\\\\ja\\\\\\ob\\\\000\0\jpn\d
=FMT  \\$a  BK
=020  \\$z4582806260
=020  \\$z9784582806267
=035  \\$a(OCoLC)781975077
=040  \\$aCUS$beng$cCUS$dOCLCQ$dOCLCF$dOCLCO$dYUS$dOCLCQ$dOCLCO$dYUS$dOCLCO$dOCL$dOCLCQ$dYUS$dOCLCO$dUk
=041  1\$ajpn$hchi
=043  \\$aa-cc---
=050  \4$aPL2383$b.W36 1997
=100  1\$6880-01$aWang, Guowei,$d1877-1927
=240  10$aSong Yuan xi qu kao.$lJapanese
=245  10$6880-02$aSo Gen gikyoku kō /$cŌ Kokui, Inami Ryōichi yakuchū.
=250  \\$6880-03$aShohan.
=260  \\$6880-04$aTōkyō :$bHeibonsha,$c1997.
=300  \\$a1 online resource (410 pages).
=336  \\$atext$btxt$2rdacontent
=337  \\$acomputer$bc$2rdamedia
=338  \\$aonline resource$bcr$2rdacarrier
=490  1\$6880-05$aTōyō bunko ;$v626
=504  \\$aIncludes bibliographical references.
=588  0\$aPrint version record.
=648  \7$a960-1368$2fast
=650  \0$aChinese drama$ySong dynasty, 960-1279$xHistory and criticism.
=650  \0$aChinese drama$yYuan dynasty, 1260-1368$xHistory and criticism.
=650  \7$aChinese drama.$2fast$0(OCoLC)fst00857335
=650  \7$aSong Dynasty (China)$2fast$0(OCoLC)fst01696776
=650  \7$aYuan Dynasty (China)$2fast$0(OCoLC)fst01696786
=650  07$6880-06$aGikyoku(Chūgoku)-Rekishi.$2jlabsh/3
=650  07$6880-07$aEngeki-Chūgoku.$2jlabsh/3
=655  \7$aCriticism, interpretation, etc.$2fast$0(OCoLC)fst01411635
=700  1\$6880-08$aInami, Ryōichi,$d1953-
=773  0\$tJapanKnowledge
=776  08$iPrint version:$aWang, Guowei, 1877-1927.$sSung Yüan hsi ch'ü k'ao. Japanese.$tSo Gen gikyoku kō.$bShohan.$dTōkyō : Heibonsha, 1997$z4582806260
=830  \0$6880-09$aTōyō bunko$v626.
=856  40$3JapanKnowledge$uhttp://japanknowledge.com/lib/display/?lid=80010V0626P0002$yJapanKnowledge Lib
=880  1\$6100-01/{dollar}1$a王國維,$d1877-1927.
=880  10$6245-02/{dollar}1$a宋元戯曲考 /$c王國維, 井波陵一訳注.
=880  \\$6250-03/{dollar}1$a初版.
=880  \\$6260-04/{dollar}1$a東京 :$b平凡社,$c1997.
=880  1\$6490-05/{dollar}1$a東洋文庫 ;$v626
=880  07$6650-06/{dollar}1$a戯曲(中国)-歴史.$2jlabsh/3
=880  07$6650-07/{dollar}1$a演劇-中国.$2jlabsh/3
=880  1\$6700-08/{dollar}1$a井波陵一,$d1953-
=880  \0$6830-09/{dollar}1$a東洋文庫 ;$v626.
=859  \\$aORR$bJapanKnowledge
=CAT  \\$aW1704-1242$b00$c20170509$lBLL01$h0927
=CAT  \\$aBATCH-UPD$b00$c20170509$lBLL01$h0937
=CAT  \\$aBATCH-UPD$b00$c20170509$lBLL01$h0940
=CAT  \\$aW2003-0365$c20200305$lBLL01$h1101
=FIN  \\$aY$d20170509
=SID  \\$aZ30$bOCLC
=SRC  \\$aJapanKnowledge_2017$bJK_OCLC20170203.mrc
=LAS  \\$aW2003-0365$b00$c20200305$lBLL01$h1101

