=LDR  02523 as a2200625 i 4500
=001  018338493
=003  Uk
=005  20170106043219.0
=006  m\\\\\o\\d\\\\\\\\
=008  100426c19369999ja\qr\p\ors\\\0\\\d0jpn\d
=FMT  \\$a  SE
=035  \\$a(OCoLC)609598919
=040  \\$aOCLCE$beng$cOCLCE$dOCLCQ$dOCLCO$dOCLCQ$dOCLCF$dOCLCO$dYUS$dOCLCO$dUk$erda$epn
=042  \\$adlr
=043  \\$aa-ja---
=050  \4$aHG4255.Z5
=245  00$6880-01$aKaisha shikihō /$cTōyō Keizai Shinpōsha.
=264  \1$6880-02$aTōkyō :$bTōyō Keizai Shinpōsha
=300  \\$a1 online resource
=310  \\$aQuarterly
=336  \\$atext$btxt$2rdacontent
=337  \\$acomputer$bc$2rdamedia
=338  \\$aonline resource$bcr$2rdacarrier
=362  1\$aBegan in 1936.
=580  \\$aHas supplements.
=588  \\$6880-03$aDescription based on: 1997-nen dai 1-shū.
=588  \\$aDescription based on print version record.
=650  \0$aCorporations$zJapan$vDirectories.
=650  \0$aCorporations$zJapan$vStatistics.
=650  \0$aCorporations, Japanese$vDirectories.
=650  \0$aCorporations, Japanese$vStatistics.
=650  \7$aCorporations.$2fast$0(OCoLC)fst00879777
=650  \7$aCorporations, Japanese.$2fast$0(OCoLC)fst00880093
=651  \7$aJapan.$2fast$0(OCoLC)fst01204082
=655  \7$aDirectories.$2fast$0(OCoLC)fst01423796
=655  \7$aStatistics.$2fast$0(OCoLC)fst01423727
=710  2\$6880-04$aTōyō Keizai Shinpōsha.
=770  1\$6880-05$tKaisha shikihō. Gaishikei kigyo shushokuban
=773  0\$tJapanKnowledge
=776  08$6880-06$iPrint version:$tKaisha shikihō$x0385-9908
=856  40$3JapanKnowledge$uhttp://japanknowledge.com/lib/search/shikiho/$yJapanKnowledge Lib
=880  00$6245-01/{dollar}1$a会社四季報 /$c東洋経済新報社.
=880  \1$6264-02/{dollar}1$a東京 :$b東洋経済新報社
=880  \\$6588-03/{dollar}1$aDescription based on: 1997-nen 第3集.
=880  2\$6710-04/{dollar}1$a東洋経済新報社.
=880  1\$6770-05/{dollar}1$t会社四季報. 外資系企業就職版$w(DLC) 2006238329$w(OCoLC)74671519
=880  08$6776-06/{dollar}1$iPrint version:$t会社四季報$x0385-9908$w(DLC) 2002238675$w(OCoLC)20790969
=859  \\$aORR$bJapanKnowledge
=CAT  \\$aW1704-1242$b00$c20170509$lBLL01$h0927
=CAT  \\$aBATCH-UPD$b00$c20170509$lBLL01$h0937
=CAT  \\$aW2003-0365$c20200305$lBLL01$h1101
=FIN  \\$aY$d20170509
=SID  \\$aZ30$bOCLC
=SRC  \\$aJapanKnowledge_2017$bJK_OCLC20170203.mrc
=LAS  \\$aW2003-0365$b00$c20200305$lBLL01$h1101

