=LDR  02328 am a22005897i 4500
=001  018338494
=003  Uk
=005  20170106043220.0
=006  m\\\\\o\\d\\\\\\\\
=007  cr\|||||||||||
=008  100315s1965\\\\ja\a\\\\o\\\\\000\0\jpn\d
=FMT  \\$a  BK
=019  \\$a301274581
=035  \\$a(OCoLC)555894600$z(OCoLC)301274581
=040  \\$aOCLCE$beng$cOCLCE$dOCLCQ$dCUS$dOCLCF$dOCLCO$dYUS$dOCLCO$dYUS$dOCLCO$dOCLCQ$dYUS$dOCLCO$dUk$epn
=042  \\$adlr
=050  \4$aB128$b.W2516
=100  1\$6880-01$aWang, Chong,$d27-97?
=245  10$6880-02$aRonkō :$bKandai no itanteki shisō /$cŌ Jū cho ; Ōtaki Kazuo yaku.
=260  \\$6880-03$aTōkyō :$bHeibonsha,$cShōwa 40 [1965]
=300  \\$a1 online resource (232 pages) :$billustrations.
=336  \\$atext$btxt$2rdacontent
=337  \\$acomputer$bc$2rdamedia
=338  \\$aonline resource$bcr$2rdacarrier
=490  1\$6880-04$aTōyō bunko ;$v46
=500  \\$aPart of translation.
=588  0\$aPrint version record.
=600  10$6880-05$aWang, Chong,$d27-97?
=600  17$aWang, Chong,$d27-97?$2fast$0(OCoLC)fst00074570
=650  \0$aPhilosophy, Chinese.
=650  \7$aPhilosophy, Chinese.$2fast$0(OCoLC)fst01060917
=700  1\$6880-06$aŌtaki, Kazuo,$d1918-1990
=773  0\$tJapanKnowledge
=776  08$iPrint version:$aWang, Chong, 27-97?.$tRonkō.$dTōkyō : Heibonsha, Shōwa 40 [1965]
=830  \0$6880-07$aTōyō bunko$v46.
=856  40$3JapanKnowledge$uhttp://japanknowledge.com/lib/display/?lid=80010V0046P0002$yJapanKnowledge Lib
=880  1\$6100-01/{dollar}1$a王充,$d27-97?
=880  10$6245-02/{dollar}1$a論衡 :$b漢代の異端的思想 /$c王充著 ; 大滝一雄訳.
=880  \\$6260-03/{dollar}1$a東京 :$b平凡社,$c昭和40 [1965]
=880  1\$6490-04/{dollar}1$a東洋文庫 ;$v46
=880  14$6600-05/{dollar}1$a王充,$d27-97?
=880  1\$6700-06/{dollar}1$a大滝一雄,$d1918-
=880  \0$6830-07/{dollar}1$a東洋文庫 ;$v46.
=859  \\$aORR$bJapanKnowledge
=CAT  \\$aW1704-1242$b00$c20170509$lBLL01$h0927
=CAT  \\$aBATCH-UPD$b00$c20170509$lBLL01$h0937
=CAT  \\$aBATCH-UPD$b00$c20170509$lBLL01$h0940
=CAT  \\$aW2003-0365$c20200305$lBLL01$h1101
=FIN  \\$aY$d20170509
=SID  \\$aZ30$bOCLC
=SRC  \\$aJapanKnowledge_2017$bJK_OCLC20170203.mrc
=LAS  \\$aW2003-0365$b00$c20200305$lBLL01$h1101

