=LDR  02702 am a22006617a 4500
=001  018338495
=003  Uk
=005  20170106043220.0
=006  m\\\\\o\\d\\\\\\\\
=007  cr\|||||||||||
=008  120223m19951998ja\a\\\\ob\\\\000\1\jpn\d
=FMT  \\$a  BK
=019  \\$a928950548
=020  \\$z4096580317$q(v. 1)
=020  \\$z9784096580318$q(v. 1)
=035  \\$a(OCoLC)778123760$z(OCoLC)928950548
=040  \\$aOCLCE$beng$cOCLCE$dOCLCQ$dOCLCO$dOCLCQ$dOCLCF$dOCL$dYUS$dOCLCO$dOCL$dOCLCQ$dYUS$dOCLCO$dUk$epn
=043  \\$aa-ja---
=050  \4$aPL787$b.E5 1995
=245  00$6880-01$aEiga monogatari /$ckōchū, yaku Yamanaka Yutaka [and others].
=250  \\$6880-02$aDai 1-han.
=260  \\$6880-03$aTōkyō :$bShōgakkan,$c1995-1998.
=300  \\$a1 online resource (3 volumes) :$billustrations.
=336  \\$atext$btxt$2rdacontent
=337  \\$acomputer$bc$2rdamedia
=338  \\$aonline resource$bcr$2rdacarrier
=490  1\$6880-04$aShinpen Nihon koten bungaku zenshū ;$v31-33
=504  \\$aIncludes bibliographical references.
=588  0\$aPrint version record.
=600  10$6880-05$aFujiwara, Michinaga,$d966-1027$vFiction.
=600  17$aFujiwara, Michinaga,$d966-1027$2fast$0(OCoLC)fst00049613
=648  \7$a794-1185$2fast
=651  \0$aJapan$xHistory$yHeian period, 794-1185$vFiction.
=651  \7$aJapan.$2fast$0(OCoLC)fst01204082
=655  \7$aHistory$2fast$0(OCoLC)fst01411628
=655  \7$aFiction.$2fast$0(OCoLC)fst01423787
=700  1\$6880-06$aYamanaka, Yutaka,$d1921-
=773  0\$tJapanKnowledge
=776  08$iPrint version:$tEiga monogatari.$bDai 1-han.$dTōkyō : Shōgakkan, 1995-1998
=830  \0$6880-07$aShinpen Nihon koten bungaku zenshū$v31-33.
=856  40$3JapanKnowledge$uhttp://japanknowledge.com/lib/display/?lid=80110V00310013$yJapanKnowledge Lib
=880  00$6245-01/{dollar}1$a栄花物語 /$c校注・訳山中裕 [and others].
=880  \\$6250-02/{dollar}1$a第1版.
=880  \\$6260-03/{dollar}1$a東京 :$b小学館,$c1995-1998.
=880  \1$6264-00/{dollar}1$a東京 :$b小学館,$c1995-1998.
=880  1\$6490-04/{dollar}1$a新編日本古典文学全集 ;$v31-33
=880  14$6600-05/{dollar}1$a藤原道長,$d966-1027$vFiction.
=880  1\$6700-06/{dollar}1$a山中裕,$d1921-
=880  \0$6830-07/{dollar}1$a新編日本古典文学全集 ;$v31-33.
=859  \\$aORR$bJapanKnowledge
=CAT  \\$aW1704-1242$b00$c20170509$lBLL01$h0927
=CAT  \\$aBATCH-UPD$b00$c20170509$lBLL01$h0937
=CAT  \\$aW2003-0365$c20200305$lBLL01$h1101
=CAT  \\$aBATCH-UPD$b00$c20200918$lBLL01$h2045
=FIN  \\$aY$d20170509
=SID  \\$aZ30$bOCLC
=SRC  \\$aJapanKnowledge_2017$bJK_OCLC20170203.mrc
=LAS  \\$aBATCH-UPD$b00$c20200918$lBLL01$h2045

