=LDR  02430 am a22006134i 4500
=001  018338496
=003  Uk
=005  20170106043220.0
=006  m\\\\\o\\d\\\\\\\\
=007  cr\|||||||||||
=008  160115s1996\\\\ja\\\\\\o\\\\\000\0\jpn\d
=FMT  \\$a  BK
=020  \\$z4560057788
=020  \\$z9784560057780
=035  \\$a(OCoLC)934799126
=040  \\$aSTF$beng$cYUS$dOCLCO$dYUS$dOCLCO$dOCLCF$dUk$erda$epn
=041  1\$ajpn$hfre
=050  \4$aHS395$b.N3163 1996
=100  1\$aNaudon, Paul,$eauthor.
=240  10$aFranc-maçonnerie.$lJapanese
=245  10$6880-01$aFurīmēson /$cPōru Nōdon cho ; Anzai Kazuo yaku.
=264  \1$6880-02$aTōkyō :$bHakusuisha,$c1996.
=300  \\$a1 online resource.
=336  \\$atext$btxt$2rdacontent
=337  \\$acomputer$bc$2rdamedia
=338  \\$aonline resource$bcr$2rdacarrier
=490  1\$6880-03$aBunko kuseju ;$v778
=500  \\$aTranslation of: La franc-maçonnerie.
=588  \\$aDescription based on print version record.
=610  20$aFreemasons.
=610  27$aFreemasons$2fast$0(OCoLC)fst00533636
=650  \0$aFreemasonry$zEurope.
=650  \7$aFreemasonry.$2fast$0(OCoLC)fst00934082
=651  \7$aEurope.$2fast$0(OCoLC)fst01245064
=700  1\$6880-04,$aAnzai, Kazuo,$d1928-$etranslator.
=730  0\$aFranc-maçonnerie.
=773  0\$tJapanKnowledge
=776  08$6880-05$iPrint version:$aNaudon, Paul.$sFranc-maçonnerie. Japanese.$tFurīmēson.$dTōkyō : Hakusuisha, 1996
=830  \0$6880-06$aBunko kuseju$v778.
=856  40$3JapanKnowledge$uhttp://japanknowledge.com/lib/display/?lid=8021007780000$yJapanKnowledge Lib
=880  10$6245-01$aフリーメーソン /$cポール・ノードン著 ; 安斎和雄訳.
=880  \1$6264-02$a東京 :$b白水社,$c1996.
=880  1\$6490-03$a文庫クセジュ ;$v778
=880  1\$6700-04$a安斎和雄,$d1928-$etranslator.
=880  08$6776-05$iPrint version:$aNaudon, Paul.$sFranc-maçonnerie. Japanese.$tフリーメーソン.$d東京 : 白水社, 1996$w(OCoLC)47346960
=880  \0$6830-06$a文庫クセジュ ;$v778.
=859  \\$aORR$bJapanKnowledge
=CAT  \\$aW1704-1242$b00$c20170509$lBLL01$h0927
=CAT  \\$aBATCH-UPD$b00$c20170509$lBLL01$h0937
=CAT  \\$aW2003-0365$c20200305$lBLL01$h1101
=FIN  \\$aY$d20170509
=SID  \\$aZ30$bOCLC
=SRC  \\$aJapanKnowledge_2017$bJK_OCLC20170203.mrc
=LAS  \\$aW2003-0365$b00$c20200305$lBLL01$h1101

