=LDR  03418 am a22008057  4500
=001  018338497
=003  Uk
=005  20170106043221.0
=006  m\\\\\o\\d\\\\\\\\
=007  cr\|||||||||||
=008  100630s1965\\\\ja\ce\\\o\\\\\000\0\jpn\d
=FMT  \\$a  BK
=019  \\$a301224388
=020  \\$z458280053X
=020  \\$z9784582800531
=035  \\$a(OCoLC)645415519$z(OCoLC)301224388
=040  \\$aOCLCE$beng$cOCLCE$dOCLCQ$dOCLCO$dCUS$dOCLCF$dYUS$dOCLCO$dYUS$dOCLCO$dYUS$dOCL$dOCLCQ$dOCLCO$dYUS$dOCLCO$dUk$epn
=042  \\$adlr
=043  \\$aa-cc---$aa-cc-pe
=050  \4$aDS772$b.S48 1965
=084  \\$a210.65$2njb
=100  1\$6880-01$aShiba, Gorō,$d1859-1945.
=245  10$6880-02$aPekin rōjō$cShiba Gorō jutsu. Pekin rōjō nikki; tsuketari Pekin rōjō kaikoroku, Hattori Unokichi cho, Ōyama Azusa hen.
=260  \\$6880-03$a[Tōkyō]$bHeibonsha$c[1965]
=300  \\$a1 online resource (2, 1, 21, 263 pages)$bplans, portraits.
=336  \\$atext$btxt$2rdacontent
=337  \\$acomputer$bc$2rdamedia
=338  \\$aonline resource$bcr$2rdacarrier
=490  1\$6880-04$aTōyō bunko,$v53
=505  8\$aPekin rôjô -- Pekin rôjô nikki -- Pekin rôjô kaikoroku.
=588  0\$aPrint version record.
=611  27$aBoxer Rebellion (China : 1899-1901)$2fast$0(OCoLC)fst01352136
=648  \7$a1899-1901$2fast
=651  \0$aBeijing (China)$xHistory.
=651  \0$aChina$xHistory$yBoxer Rebellion, 1899-1901.
=651  \7$aChina$zBeijing.$2fast$0(OCoLC)fst01205740
=651  \7$aChina.$2fast$0(OCoLC)fst01206073
=653  \\$6880-05$aNisshin sensō (1894-1895)
=655  \7$aHistory.$2fast$0(OCoLC)fst01411628
=700  1\$6880-06,$aŌyama, Azusa.$eeditor.
=700  1\$6880-07.$aHattori, Unokichi,$d1867-1939$tPekin rōjō nikki.
=740  0\$6880-08$aPekin rōjō nikki.
=773  0\$tJapanKnowledge
=776  08$iPrint version:$aShiba, Gorō, 1859-1945.$tPekin rōjō.$d[Tōkyō] Heibonsha [1965]
=830  \0$6880-09$aTōyō bunko$v53.
=856  40$3JapanKnowledge$uhttp://japanknowledge.com/lib/display/?lid=80010V0053P0003$yJapanKnowledge Lib
=880  1\$6100-01/{dollar}1$a紫五郎,$d1859-1945.
=880  10$6245-02/{dollar}1$a北京籠城,$c紫五郎述. 北京籠城日記; 附・北京籠城回顧錄, 服部宇之吉著, 大山梓編.
=880  \\$6260-03/{dollar}1$a[東京]$b平凡社$c[1965]
=880  \\$6250-00/{dollar}1$a初版.
=880  1\$6490-04/{dollar}1$a東洋文庫,$v53
=880  0\$6505-00/{dollar}1$a北京篭城年表:p241-262.
=880  \\$6500-00/{dollar}1$a付:北京篭城回顧錄(服部宇之吉).
=880  \\$6500-00/{dollar}1$a折込図2枚.
=880  \\$6500-00/{dollar}1$a背の書名:北京篭城他.
=880  \\$6500-00/{dollar}1$a芝五郎・服部宇之吉の肖像あり.
=880  \\$6653-05/{dollar}1$a日淸戦争(1894-1895)
=880  1\$6700-06/{dollar}1$a大山梓,$eeditor.
=880  1\$6700-07/{dollar}1$a服部宇之吉,$d1867-1939.$t北京籠城日記.
=880  0\$6740-08/{dollar}1$a北京籠城日記.
=880  \0$6830-09/{dollar}1$a東洋文庫 ;$v53.
=859  \\$aORR$bJapanKnowledge
=CAT  \\$aW1704-1242$b00$c20170509$lBLL01$h0927
=CAT  \\$aBATCH-UPD$b00$c20170509$lBLL01$h0937
=CAT  \\$aBATCH-UPD$b00$c20170509$lBLL01$h0940
=CAT  \\$aW2003-0365$c20200305$lBLL01$h1101
=FIN  \\$aY$d20170509
=SID  \\$aZ30$bOCLC
=SRC  \\$aJapanKnowledge_2017$bJK_OCLC20170203.mrc
=LAS  \\$aW2003-0365$b00$c20200305$lBLL01$h1101

