=LDR  02752 am a22006377a 4500
=001  018338498
=003  Uk
=005  20170106043221.0
=006  m\\\\\o\\d\\\\\\\\
=007  cr\|||||||||||
=008  101111m20002002ja\a\\\\obd\\\000\0\jpn\d
=FMT  \\$a  BK
=019  \\$a172946061$a649056521
=020  \\$z409521001X$q(v. 1)
=020  \\$z9784095210018$q(v. 1)
=035  \\$a(OCoLC)680594111$z(OCoLC)172946061$z(OCoLC)649056521
=040  \\$aOCLCE$beng$cOCLCE$dOCLCQ$dOCLCF$dOCLCO$dCUS$dYUS$dOCLCO$dOCLCQ$dUk$epn
=042  \\$adlr
=050  \4$aPL675$b.N46 2000
=084  \\$a813.1$2njb/9
=245  00$6880-01$aNihon kokugo daijiten /$c[henshū Nihon Kokugo Daijiten Dainihan Henshū Iinkai ; Shōgakkan Kokugo Jiten Henshūbu].
=250  \\$6880-02$aDai 2-han.
=260  \\$6880-03$aTōkyō :$bShōgakkan,$c2000-2002.
=300  \\$a1 online resource (13 volumes) :$billustrations
=336  \\$atext$btxt$2rdacontent
=337  \\$acomputer$bc$2rdamedia
=338  \\$aonline resource$bcr$2rdacarrier
=504  \\$6880-04$aVol. 1 has a supplement, "Shuyō shutten ichiran."
=588  0\$aPrint version record.
=650  \0$aJapanese language$vDictionaries.
=650  07$6880-05$aNihongo-Jiten.$2jlabsh/3
=650  \7$aJapanese language.$2fast$0(OCoLC)fst00981565
=655  \7$aDictionaries.$2fast$0(OCoLC)fst01423826
=710  2\$6880-06$aNihon Daijiten Kankōkai.$bDainihan Henshū Iinkai.
=710  2\$6880-07$aShōgakkan.$bKokugo Jiten Henshūbu.
=773  0\$tJapanKnowledge
=776  08$iPrint version:$tNihon kokugo daijiten.$bDai 2-han.$dTōkyō : Shōgakkan, 2000-2002
=856  40$3JapanKnowledge$uhttp://japanknowledge.com/lib/search/nikkoku/$yJapanKnowledge Lib
=880  00$6245-01/{dollar}1$a日本国語大辞典 /$c[編集日本国語大辞典第二版編集委員会 ; 小学館国語辞典編集部].
=880  \\$6250-02/{dollar}1$a第2版.
=880  \\$6260-03/{dollar}1$a東京 :$b小学館,$c2000-2002.
=880  \\$6504-04/{dollar}1$aVol. 1 has a supplement, 「主要出典一覧」.
=880  07$6650-05/{dollar}1$a日本語-辞典.$2jlabsh/3
=880  2\$6710-06/{dollar}1$a日本大辞典刊行会.$b第二版編集委員会.
=880  2\$6710-07/{dollar}1$a小学館.$b国語辞典編集部.
=880  \1$6264-00/{dollar}1$a東京 :$b小学館,$c2000-2002.
=880  02$6740-00/{dollar}1$a漢字索引方言索引出典一覧.
=859  \\$aORR$bJapanKnowledge
=CAT  \\$aW1704-1242$b00$c20170509$lBLL01$h0927
=CAT  \\$aBATCH-UPD$b00$c20170509$lBLL01$h0937
=CAT  \\$aBATCH-UPD$b00$c20170509$lBLL01$h0940
=CAT  \\$aW2003-0365$c20200305$lBLL01$h1101
=FIN  \\$aY$d20170509
=SID  \\$aZ30$bOCLC
=SRC  \\$aJapanKnowledge_2017$bJK_OCLC20170203.mrc
=LAS  \\$aW2003-0365$b00$c20200305$lBLL01$h1101

