=LDR  03878 am a22008414i 4500
=001  018338499
=003  Uk
=005  20170106043223.0
=006  m\\\\\o\\d\\\\\\\\
=007  cr\|||||||||||
=008  151112s1995\\\\ja\ab\\\ob\\\\000\0\jpn\d
=FMT  \\$a  BK
=020  \\$z4096580449
=020  \\$z9784096580448
=035  \\$a(OCoLC)928949904
=040  \\$aYUS$beng$cYUS$dOCLCO$dYUS$dOCLCO$dUk$erda$epn
=050  \4$aPL791.2$b.H63 1995
=100  1\$6880-01,$aKamo, Chōmei,$d1153?-1216?$eauthor.
=245  10$6880-02$aHōjōki /$c[Kamo Chōmei]. Tsurezuregusa / [Yoshida Kenkō]. Shōbō genzō zuimonki / [Dōgen]. Tannishō / [Shinran] ; kōchū, yaku Kanda Hideo, Nagazumi Yasuaki, Yasuraoka Kōsaku.
=264  \1$6880-04$aTōkyō :$bShōgakkan,$c1995.
=300  \\$a1 online resource.
=336  \\$atext$btxt$2rdacontent
=337  \\$acomputer$bc$2rdamedia
=338  \\$aonline resource$bcr$2rdacarrier
=490  1\$6880-05$aShinpen Nihon koten bungaku zenshū ;$v44
=504  \\$aIncludes bibliographical references.
=588  \\$aDescription based on print version.
=600  00$aDōgen,$d1200-1253.$tShōbō genzō zuimonki.
=600  00$aShinran,$d1173-1263.$tTannishō.
=600  10$aKamo, Chōmei,$d1153?-1216?.$tHōjōki.
=600  10$aYoshida, Kenkō,$d1282?-1350.$tTsurezuregusa.
=630  07$aHōjōki (Kamo, Chōmei)$2fast$0(OCoLC)fst01365829
=630  07$aShōbō genzō zuimonki (Dōgen)$2fast$0(OCoLC)fst01367739
=630  07$aTannishō (Shinran)$2fast$0(OCoLC)fst01362949
=630  07$aTsurezuregusa (Yoshida, Kenkō)$2fast$0(OCoLC)fst01363075
=700  02$aDōgen,$d1200-1253.$tShōbō genzō zuimonki.
=700  02$aShinran,$d1173-1263.$tTannishō.
=700  1\$6880-06$aKanda, Hideo,$d1913-1993
=700  1\$6880-07$aNagazumi, Yasuaki,$d1908-1995
=700  1\$6880-08$aYasuraoka, Kōsaku.
=700  12$6880-09.$aYoshida, Kenkō,$d1282?-1350$tTsurezuregusa.
=740  02$6880-10$aTsurezuregusa.
=740  02$6880-11$aShōbō genzō zuimonki.
=740  02$6880-12$aTannishō.
=773  0\$tJapanKnowledge
=776  08$iPrint version:$tHōjōki
=830  \0$6880-13$aShinpen Nihon koten bungaku zenshū$v44.
=856  40$3JapanKnowledge Volume 4$uhttp://japanknowledge.com/lib/display/?lid=80110V00440529$yJapanKnowledge Lib
=856  40$3JapanKnowledge Volume 1$uhttp://japanknowledge.com/lib/display/?lid=80110V00440009$yJapanKnowledge Lib
=856  40$3JapanKnowledge Volume 2$uhttp://japanknowledge.com/lib/display/?lid=80110V00440067$yJapanKnowledge Lib
=856  40$3JapanKnowledge Volume 3$uhttp://japanknowledge.com/lib/display/?lid=80110V00440311$yJapanKnowledge Lib
=880  1\$6100-01$a鴨長明,$d1153?-1216?,$eauthor
=880  10$6245-02$a方丈記 /$c[鴨長明]. 徒然草 / [吉田兼好]. 正法眼蔵随聞記 / [道元]. 歎異抄 / [親鸞] ; 校柱・訳神田秀夫, 永積安明, 安良岡康作.
=880  \1$6264-04$a東京 :$b小学館,$c1995.
=880  1\$6490-05$a新編日本古典文学全集 ;$v44
=880  1\$6700-06$a神田秀夫,$d1913-
=880  1\$6700-07$a永積安明,$d1908-
=880  1\$6700-08$a安良岡康作.
=880  02$6700-09$a親鸞,$d1173-1263.$t歎異抄.
=880  02$6740-10$a徒然草.
=880  02$6740-11$a正法眼蔵随聞記.
=880  02$6740-12$a歎異抄.
=880  \0$6830-13$a新編日本古典文学全集 ;$v44.
=859  \\$aORR$bJapanKnowledge
=CAT  \\$aW1704-1242$b00$c20170509$lBLL01$h0927
=CAT  \\$aBATCH-UPD$b00$c20170509$lBLL01$h0937
=CAT  \\$aBATCH-UPD$b00$c20170509$lBLL01$h0940
=CAT  \\$aW2003-0365$c20200305$lBLL01$h1101
=CAT  \\$aBATCH-UPD$b00$c20200918$lBLL01$h2045
=FIN  \\$aY$d20170509
=SID  \\$aZ30$bOCLC
=SRC  \\$aJapanKnowledge_2017$bJK_OCLC20170203.mrc
=LAS  \\$aBATCH-UPD$b00$c20200918$lBLL01$h2045

