=LDR  02539 am a22006017a 4500
=001  018338501
=003  Uk
=005  20170106043223.0
=006  m\\\\\o\\d\\\\\\\\
=007  cr\|||||||||||
=008  100626s1964\\\\ja\ace\\o\\\\\000\0\jpn\d
=FMT  \\$a  BK
=019  \\$a297450059
=035  \\$a(OCoLC)643878971$z(OCoLC)297450059
=040  \\$aOCLCE$beng$cOCLCE$dCUS$dOCLCQ$dOCLCO$dYUS$dOCLCO$dYUS$dOCLCO$dOCLCQ$dYUS$dOCLCO$dUk$epn
=042  \\$adlr
=043  \\$aa-ja---$aa-cc---
=050  \4$aDS849.C6$bO4
=100  1\$6880-01$aŌkōchi, Teruna,$d1848-1882
=245  10$6880-02$aŌkōchi monjo :$bMeiji Nitchū bunkajin no kōyū /$c[Ōkōchi Teruna cho] ; Sanetō Keishū hen'yaku.
=250  \\$6880-03$aShohan.
=260  \\$6880-04$aTōkyō :$bHeibonsha,$c1964$g(1987 printing)
=300  \\$a1 online resource (5, 250 pages) :$billustrations, portraits, plans.
=336  \\$atext$btxt$2rdacontent
=337  \\$acomputer$bc$2rdamedia
=338  \\$aonline resource$bcr$2rdacarrier
=490  1\$6880-05$aTōyō bunko ;$v18
=588  0\$aPrint version record.
=651  \0$aChina$xRelations$zJapan$yMeiji period, 1868-1912.
=651  \0$aJapan$xRelations$zChina$yMeiji period, 1868-1912.
=653  \\$6880-06$aNihon$aRekishi$aMeijijidai.
=700  1\$6880-07$aSanetō, Keishū,$d1896-
=773  0\$tJapanKnowledge
=776  08$iPrint version:$aŌkōchi, Teruna, 1848-1882.$tŌkōchi monjo.$bShohan.$dTōkyō : Heibonsha, 1964
=830  \0$6880-08$aTōyō bunko$v18.
=856  40$3JapanKnowledge$uhttp://japanknowledge.com/lib/display/?lid=80010V0018P0002$yJapanKnowledge Lib
=880  1\$6100-01/{dollar}1$a大河内輝声,$d1848-1882.
=880  10$6245-02/{dollar}1$a大河内文書 :$b明治日中文化人の交遊 /$c[大河内輝声著] ; さねとうけいしゅう編訳.
=880  \\$6250-03/{dollar}1$a初版.
=880  \\$6260-04/{dollar}1$a東京 :$b平凡社,$c1964$g(1987 printing)
=880  1\$6490-05/{dollar}1$a東洋文庫 ;$v18
=880  \\$6653-06/{dollar}1$a日本$a歴史$a明治時代.
=880  1\$6700-07/{dollar}1$aさねとうけいしゅう,$d1896-
=880  \0$6830-08/{dollar}1$a東洋文庫 ;$v18.
=859  \\$aORR$bJapanKnowledge
=CAT  \\$aW1704-1242$b00$c20170509$lBLL01$h0927
=CAT  \\$aBATCH-UPD$b00$c20170509$lBLL01$h0937
=CAT  \\$aBATCH-UPD$b00$c20180505$lBLL01$h1709
=CAT  \\$aW2003-0365$c20200305$lBLL01$h1101
=FIN  \\$aY$d20170509
=SID  \\$aZ30$bOCLC
=SRC  \\$aJapanKnowledge_2017$bJK_OCLC20170203.mrc
=LAS  \\$aW2003-0365$b00$c20200305$lBLL01$h1101

