=LDR  02017 am a22005414i 4500
=001  018338502
=003  Uk
=005  20170106043223.0
=006  m\\\\\o\\d\\\\\\\\
=007  cr\|||||||||||
=008  151113s1976\\\\ja\\\\\\o\\\\\000\0\jpn\d
=FMT  \\$a  BK
=020  \\$z4560055947
=020  \\$z9784560055946
=035  \\$a(OCoLC)929031137
=040  \\$aCNEAL$beng$cYUS$dOCLCO$dYUS$dOCLCO$dOCLCF$dUk$erda$epn
=041  1\$ajpn$hfre
=050  \4$aB132.Y6$bM37167 1976
=100  1\$aMasson-Oursel, Paul,$d1882-1956,$eauthor.
=245  10$6880-01$aYōga /$cPōru Masson-Uruseru cho ; Watanabe Shigeaki yaku.
=264  \1$6880-02$aTōkyō :$bHakusuisha,$c1976.
=300  \\$a1 online resource.
=336  \\$atext$btxt$2rdacontent
=337  \\$acomputer$bc$2rdamedia
=338  \\$aonline resource$bcr$2rdacarrier
=490  1\$6880-03$aBunko kuseju ;$v594
=588  \\$aDescription based on print version.
=650  \0$aYoga.
=650  \7$aYoga.$2fast$0(OCoLC)fst01182871
=700  1\$6880-04$aWatanabe, Shigeaki,$d1939-
=730  0\$aHistory of science, philosophy, and culture in Indian civilization.$nVolume XVI,$pYoga.
=773  0\$tJapanKnowledge
=776  08$iPrint version:$tYōga
=830  \0$6880-05$aBunko kuseju$v594.
=856  40$3JapanKnowledge$uhttp://japanknowledge.com/lib/display/?lid=8021005940000$yJapanKnowledge Lib
=880  10$6245-01/{dollar}1$aヨーガ /$cポール・マッソン=ウルセル著 ; 渡辺重朗訳.
=880  \1$6264-02/{dollar}1$a東京 :$b白水社,$c1976.
=880  1\$6490-03/{dollar}1$a文庫クセジュ ;$v594
=880  1\$6700-04/{dollar}1$a渡辺重朗,$d1939-
=880  \0$6830-05/{dollar}1$a文庫クセジュ ;$v594.
=859  \\$aORR$bJapanKnowledge
=CAT  \\$aW1704-1242$b00$c20170509$lBLL01$h0927
=CAT  \\$aBATCH-UPD$b00$c20170509$lBLL01$h0937
=CAT  \\$aW2003-0365$c20200305$lBLL01$h1101
=FIN  \\$aY$d20170509
=SID  \\$aZ30$bOCLC
=SRC  \\$aJapanKnowledge_2017$bJK_OCLC20170203.mrc
=LAS  \\$aW2003-0365$b00$c20200305$lBLL01$h1101

