=LDR  02727 am a22006254i 4500
=001  018338503
=003  Uk
=005  20170106043224.0
=006  m\\\\\o\\d\\\\\\\\
=007  cr\|||||||||||
=008  160115s2005\\\\ja\\\\\\o\\\\\000\0\jpn\d
=FMT  \\$a  BK
=020  \\$z4560508852
=020  \\$z9784560508855
=035  \\$a(OCoLC)934799035
=040  \\$aSTF$beng$cYUS$dOCLCO$dYUS$dOCLCO$dOCLCF$dOCLCO$dUk$erda$epn
=041  1\$ajpn$hfre
=050  \4$aDG78$b.G7163 2005
=100  1\$aGrimal, Pierre,$d1912-1996,$eauthor.
=240  10$aVie a Rome dans l'antiquite.$lJapanese
=245  10$6880-01$aKodai Rōma no nichijō seikatsu /$cPiēru Gurimaru cho ; Kitano Tōru yaku.
=264  \1$6880-02$aTōkyō :$bHakusuisha,$c2005.
=300  \\$a1 online resource.
=336  \\$atext$btxt$2rdacontent
=337  \\$acomputer$bc$2rdamedia
=338  \\$aonline resource$bcr$2rdacarrier
=490  1\$6880-03$aBunko kuseju ;$v885
=500  \\$aTranslation of: La vie a Rome dans l'antiquite. Paris : Presses universitaires de France, 1990.
=588  \\$aDescription based on print version record.
=650  \4$aRōma.
=650  \7$aManners and customs.$2fast$0(OCoLC)fst01007815
=651  \4$6880-04$aKodai roma.$0(JTNDL)00569665.
=651  \0$aRome$xSocial life and customs.
=651  \7$aRome (Empire)$2fast$0(OCoLC)fst01204885
=700  1\$6880-05$aKitano, Tōru,$d1937-$etranslator.
=740  0\$aLa vie a Rome dans l'antiquite.
=773  0\$tJapanKnowledge
=776  08$6880-06$iPrint version:$aGrimal, Pierre, 1912-1996.$sLa vie a Rome dans l'antiquite. Japanese.$tKodai Rōma no nichijō seikatsu.$dTōkyō : Hakusuisha, 2005
=830  \0$6880-07$aBunko kuseju$v885.
=856  40$3JapanKnowledge$uhttp://japanknowledge.com/lib/display/?lid=8021008850000$yJapanKnowledge Lib
=880  10$6245-01$a古代ローマの日常生活 /$cピエール・グリマル著 ; 北野徹訳.
=880  \1$6264-02$a東京 :$b白水社,$c2005.
=880  1\$6490-03$a文庫クセジュ ;$v885
=880  \7$6651-04$a古代ローマ$0(JTNDL)00569665.$2ndlsh
=880  1\$6700-05$a北野徹,$d1937-$etranslator.
=880  08$6776-06$iPrint version:$aGrimal, Pierre, 1912-1996.$sLa vie a Rome dans l'antiquite. Japanese.$t古代ローマの日常生活.$d東京 : 白水社, 2005$w(OCoLC)676405791
=880  \0$6830-07$a文庫クセジュ ;$v885.
=859  \\$aORR$bJapanKnowledge
=CAT  \\$aW1704-1242$b00$c20170509$lBLL01$h0927
=CAT  \\$aBATCH-UPD$b00$c20170509$lBLL01$h0937
=CAT  \\$aW2003-0365$c20200305$lBLL01$h1101
=FIN  \\$aY$d20170509
=SID  \\$aZ30$bOCLC
=SRC  \\$aJapanKnowledge_2017$bJK_OCLC20170203.mrc
=LAS  \\$aW2003-0365$b00$c20200305$lBLL01$h1101

