=LDR  02173 am a22005534i 4500
=001  018338504
=003  Uk
=005  20170106043224.0
=006  m\\\\\o\\d\\\\\\\\
=007  cr\|||||||||||
=008  151214s1987\\\\ja\\\\\\o\\\\\000\0\jpn\d
=FMT  \\$a  BK
=020  \\$z4560056862
=020  \\$z9784560056868
=035  \\$a(OCoLC)932129337
=040  \\$aCNEAL$beng$cYUS$dOCLCO$dOCLCF$dUk$erda$epn
=041  1\$ajpn$hfre
=050  \4$aML410.W15$bB47165 1987
=100  1\$aBerton, Jean-Claude,$eauthor.
=240  10$aRichard Wagner et la "Tétralogie".$lJapanese
=245  10$6880-01$aWāgunā to "yubiwa" yonbusaku /$cJan-Kurōdo Beruton cho ; Yokoyama Kazuo yaku.
=264  \1$6880-02$aTōkyō :$bHakusuisha,$c1987.
=300  \\$a1 online resource.
=336  \\$atext$btxt$2rdacontent
=337  \\$acomputer$bc$2rdamedia
=338  \\$aonline resource$bcr$2rdacarrier
=490  1\$6880-03$aBunko kuseju ;$v686
=500  \\$aTranslation of: Richard Wagner et la "Tétralogie"
=588  \\$aDescription based on print version.
=600  10$aWagner, Richard,$d1813-1883.$tRing des Nibelungen.
=630  07$aRing des Nibelungen (Wagner, Richard)$2fast$0(OCoLC)fst01356234
=700  1\$6880-04$aYokoyama, Kazuo,$d1924-
=773  0\$tJapanKnowledge
=776  08$iPrint version:$tWāgunā to yubiwa yonbusaku.
=830  \0$6880-05$aBunko kuseju$v686.
=856  40$3JapanKnowledge$uhttp://japanknowledge.com/lib/display/?lid=8021006860000$yJapanKnowledge Lib
=880  10$6245-01/{dollar}1$aワーグナーと《指環》四部作 /$cジャン=クロード・ベルトン著 ; 横山一雄訳.
=880  \1$6264-02/{dollar}1$a東京 :$b白水社,$c1987.
=880  1\$6490-03/{dollar}1$a文庫クセジュ ;$v686
=880  1\$6700-04/{dollar}1$a横山一雄,$d1924-
=880  \0$6830-05/{dollar}1$a文庫クセジュ ;$v686.
=859  \\$aORR$bJapanKnowledge
=CAT  \\$aW1704-1242$b00$c20170509$lBLL01$h0927
=CAT  \\$aBATCH-UPD$b00$c20170509$lBLL01$h0937
=CAT  \\$aW2003-0365$c20200305$lBLL01$h1101
=FIN  \\$aY$d20170509
=SID  \\$aZ30$bOCLC
=SRC  \\$aJapanKnowledge_2017$bJK_OCLC20170203.mrc
=LAS  \\$aW2003-0365$b00$c20200305$lBLL01$h1101

