=LDR  03199 am a22007817a 4500
=001  018338505
=003  Uk
=005  20170106043224.0
=006  m\\\\\o\\d\\\\\\\\
=007  cr\|||||||||||
=008  111007s2002\\\\ja\ab\\\o\\\\\001\0\jpn\d
=FMT  \\$a  BK
=020  \\$z4582806996
=020  \\$z9784582806991
=035  \\$a(OCoLC)756233968
=040  \\$aOCLCE$beng$cOCLCE$dCUS$dOCLCO$dOCLCQ$dOCLCF$dOCLCO$dYUS$dOCLCO$dYUS$dOCLCO$dOCLCQ$dYUS$dOCLCO$dUk$epn
=041  1\$ajpn$achi$hchi
=042  \\$adlr
=050  \4$aPL1121.K6$bN6416 2002
=084  \\$a827.8$2njb/9
=130  0\$6880-01$aNogŏltae.$lJapanese & Chinese.
=245  10$6880-02$aRōkitsudai :$bChōsen chūsei no Chūgokugo kaiwa dokuhon /$cKin Bunkyō, Gen Yukiko, Satō Horuhiko yaku chū ; Chon Kwan kaisetsu.
=250  \\$6880-03$aShohan.
=260  \\$6880-04$aTōkyō :$bHeibonsha,$c2002.
=300  \\$a1 online resource (414 pages) :$billustrations, map.
=336  \\$atext$btxt$2rdacontent
=337  \\$acomputer$bc$2rdamedia
=338  \\$aonline resource$bcr$2rdacarrier
=490  1\$6880-05$aTōyō bunko ;$v699
=500  \\$aIncludes index.
=588  0\$aPrint version record.
=650  \0$aChinese language$vConversation and phrase books$xKorean.
=650  \0$aChinese language$vTextbooks for foreign speakers$xKorean.
=650  \7$6880-06$aChugokugo$xKaiwa.$2jlabsh
=650  \7$aChinese language.$2fast$0(OCoLC)fst00857383
=650  07$6880-07$aChūgokugo-Kaiwa.$2jlabsh/3
=655  \7$aConversation and phrase books.$2fast$0(OCoLC)fst01423775
=655  \7$aTextbooks$vfor Korean speakers.$2fast$0(OCoLC)fst01424289
=700  1\$6880-08$aKin, Bunkyō.
=700  1\$6880-09$aGen, Yukiko,$d1958-
=700  1\$6880-10$aSatō, Haruhiko,$d1944-
=700  1\$6880-11$aChŏng, Kwang.
=773  0\$tJapanKnowledge
=776  08$iPrint version:$tRōkitsudai.$bShohan.$dTōkyō : Heibonsha, 2002$z4582806996
=830  \0$6880-12$aTōyō bunko$v699.
=856  40$3JapanKnowledge$uhttp://japanknowledge.com/lib/display/?lid=80010V0699P0002$yJapanKnowledge Lib
=880  0\$6130-01/{dollar}1$a老乞大.$lJapanese & Chinese.
=880  10$6245-02/{dollar}1$a老乞大 :$b朝鮮中世の中囯語会話読本 /$c金文京, 玄幸子, 佐藤晴彥訳注 ; 鄭光解說.
=880  \\$6250-03/{dollar}1$a初版.
=880  \\$6260-04/{dollar}1$a東京 :$b平凡社,$c2002.
=880  1\$6490-05/{dollar}1$a東洋文庫 ;$v699
=880  \7$6650-06/{dollar}1$a中国語$x会話.$2jlabsh
=880  07$6650-07/{dollar}1$a中国語-会話.$2jlabsh/3
=880  1\$6700-08/{dollar}1$a金文京.
=880  1\$6700-09/{dollar}1$a玄幸子,$d1958-
=880  1\$6700-10/{dollar}1$a佐藤晴彥,$d1944-
=880  1\$6700-11/{dollar}1$a鄭光.
=880  \0$6830-12/{dollar}1$a東洋文庫 ;$v699.
=859  \\$aORR$bJapanKnowledge
=CAT  \\$aW1704-1242$b00$c20170509$lBLL01$h0927
=CAT  \\$aBATCH-UPD$b00$c20170509$lBLL01$h0937
=CAT  \\$aBATCH-UPD$b00$c20170509$lBLL01$h0940
=CAT  \\$aBATCH-UPD$b00$c20170805$lBLL01$h1719
=CAT  \\$aW2003-0365$c20200305$lBLL01$h1101
=FIN  \\$aY$d20170509
=SID  \\$aZ30$bOCLC
=SRC  \\$aJapanKnowledge_2017$bJK_OCLC20170203.mrc
=LAS  \\$aW2003-0365$b00$c20200305$lBLL01$h1101

