=LDR  02273 am a22006014i 4500
=001  018338506
=003  Uk
=005  20170106043224.0
=006  m\\\\\o\\d\\\\\\\\
=007  cr\|||||||||||
=008  151113s2008\\\\ja\\\\\\o\\\\\000\0\jpn\d
=FMT  \\$a  BK
=020  \\$z4560509212
=020  \\$z9784560509210
=035  \\$a(OCoLC)929031300
=040  \\$aCNEAL$beng$cYUS$dOCLCO$dYUS$dOCLCO$dOCLCF$dOCLCO$dUk$erda$epn
=041  1\$ajpn$hfre
=050  \4$aTX641$b.V57165 2008
=100  1\$aVitaux, Jean,$eauthor.
=245  10$6880-01$aGasutoronomi :$bbishoku no tame no chishiki to chie /$cJan Vitō cho ; Sahara Shūsei yaku.
=264  \1$6880-02$aTōkyō :$bHakusuisha,$c2008.
=300  \\$a1 online resource.
=336  \\$atext$btxt$2rdacontent
=337  \\$acomputer$bc$2rdamedia
=338  \\$aonline resource$bcr$2rdacarrier
=490  1\$6880-03$aBunko kuseju ;$v921
=500  \\$aTranslation of: La gastronomie.
=588  \\$aDescription based on print version.
=650  \0$aGastronomy$xHistory.
=650  \0$aFood$xSocial aspects.
=650  \7$aFood$xSocial aspects.$2fast$0(OCoLC)fst00930613
=650  \7$aGastronomy.$2fast$0(OCoLC)fst00938901
=655  \7$aHistory.$2fast$0(OCoLC)fst01411628
=700  1\$6880-04$aSawara, Shūsei,$d1946-
=730  0\$aGastronomie.
=773  0\$tJapanKnowledge
=776  08$iPrint version:$tGasutoronomi
=830  \0$6880-05$aBunko kuseju$v921.
=856  40$3JapanKnowledge$uhttp://japanknowledge.com/lib/display/?lid=8021009210000$yJapanKnowledge Lib
=880  10$6245-01/{dollar}1$aガストロノミ :$b美食のための知識と知恵 /$cジャン・ヴィトー著 ; 佐原秋生訳.
=880  \1$6264-02/{dollar}1$a東京 :$b白水社,$c2008.
=880  1\$6490-03/{dollar}1$a文庫クセジュ ;$v921
=880  1\$6700-04/{dollar}1$a佐原秋生,$d1946-
=880  \0$6830-05/{dollar}1$a文庫クセジュ ;$v921.
=859  \\$aORR$bJapanKnowledge
=CAT  \\$aW1704-1242$b00$c20170509$lBLL01$h0927
=CAT  \\$aBATCH-UPD$b00$c20170509$lBLL01$h0937
=CAT  \\$aBATCH-UPD$b00$c20170509$lBLL01$h0940
=CAT  \\$aW2003-0365$c20200305$lBLL01$h1101
=FIN  \\$aY$d20170509
=SID  \\$aZ30$bOCLC
=SRC  \\$aJapanKnowledge_2017$bJK_OCLC20170203.mrc
=LAS  \\$aW2003-0365$b00$c20200305$lBLL01$h1101

