=LDR  02682 am a2200649 a 4500
=001  018338507
=003  Uk
=005  20170106043225.0
=006  m\\\\\o\\d\\\\\\\\
=007  cr\un|||||||||
=008  120228s1966\\\\ja\a\\\\o\\\\\000\0\jpn\d
=FMT  \\$a  BK
=020  \\$z4582800696
=020  \\$z9784582800692
=035  \\$a(OCoLC)778566729
=040  \\$aCUS$beng$cCUS$dOCLCQ$dOCLCF$dYUS$dOCLCO$dOCLCQ$dYUS$dOCLCO$dOCLCQ$dYUS$dOCLCO$dUk
=043  \\$aa-ja---
=050  \4$aDS881.3$b.T27 1966
=100  1\$6880-01$aTanabe, Taichi,$d1831-1915
=245  10$6880-02$aBakumatsu gaikōdan /$cTanabe Taichi cho ; Sakata Seiichi yaku, kōchū.
=246  3\$aBakumatsu gaiko dan
=250  \\$6880-03$aShohan.
=260  \\$6880-04$aTōkyō :$bHeibonsha,$cShōwa 41 [1966]$g(1989 printing)
=300  \\$a1 online resource (2 volumes) :$billustrations.
=336  \\$atext$btxt$2rdacontent
=337  \\$acomputer$bc$2rdamedia
=338  \\$aonline resource$bcr$2rdacarrier
=490  1\$6880-05$aTōyō bunko ;$v69, 72
=588  0\$aPrint version record.
=648  \7$aTo 1870$2fast
=650  \7$aDiplomatic relations.$2fast$0(OCoLC)fst01907412
=651  \0$aJapan$xForeign relations$yTo 1868.
=651  \0$aJapan$xHistory$yRestoration, 1853-1870.
=651  \7$aJapan.$2fast$0(OCoLC)fst01204082
=655  \7$aHistory.$2fast$0(OCoLC)fst01411628
=700  1\$6880-06$aSakata, Seiichi,$d1903-
=773  0\$tJapanKnowledge
=776  08$iPrint version:$aTanabe, Taichi, 1831-1915.$tBakumatsu gaikōdan.$bShohan.$dTōkyō : Heibonsha, Shōwa 41 [1966]$z4582800696
=830  \0$6880-07$aTōyō bunko$v69, 72.
=856  40$3JapanKnowledge Volume 2$uhttp://japanknowledge.com/lib/display/?lid=80010V0072P0002$yJapanKnowledge Lib
=856  40$3JapanKnowledge Volume 1$uhttp://japanknowledge.com/lib/display/?lid=80010V0069P0002$yJapanKnowledge Lib
=880  1\$6100-01/{dollar}1$a田辺太一,$d1831-1915.
=880  10$6245-02/{dollar}1$a幕末外交談 /$c田辺太一著 ; 坂田精一訳・校注.
=880  \\$6250-03/{dollar}1$a初版.
=880  \\$6260-04/{dollar}1$a東京 :$b平凡社,$c昭和41 [1966]$g(1989 printing)
=880  1\$6490-05/{dollar}1$a東洋文庫 ;$v69, 72
=880  1\$6700-06/{dollar}1$a坂田精一,$d1903-
=880  \0$6830-07/{dollar}1$a東洋文庫 ;$v69, 72.
=859  \\$aORR$bJapanKnowledge
=CAT  \\$aW1704-1242$b00$c20170509$lBLL01$h0927
=CAT  \\$aBATCH-UPD$b00$c20170509$lBLL01$h0937
=CAT  \\$aBATCH-UPD$b00$c20170509$lBLL01$h0940
=CAT  \\$aW2003-0365$c20200305$lBLL01$h1101
=FIN  \\$aY$d20170509
=SID  \\$aZ30$bOCLC
=SRC  \\$aJapanKnowledge_2017$bJK_OCLC20170203.mrc
=LAS  \\$aW2003-0365$b00$c20200305$lBLL01$h1101

