=LDR  02746 am a22006377  4500
=001  018338508
=003  Uk
=005  20170106043225.0
=006  m\\\\\o\\d\\\\\\\\
=007  cr\|||||||||||
=008  100420s1972\\\\ja\\\\\\o\\\\\000\0\jpn\d
=FMT  \\$a  BK
=019  \\$a297965529$a659511250
=035  \\$a(OCoLC)608381628$z(OCoLC)297965529$z(OCoLC)659511250
=040  \\$aOCLCE$beng$cOCLCE$dOCLCQ$dCUS$dOCLCQ$dOCLCF$dYUS$dOCLCO$dYUS$dOCLCO$dOCLCQ$dYUS$dOCLCO$dUk$epn
=041  1\$ajpn$hchi
=042  \\$adlr
=043  \\$aa-kr---
=050  \4$aDS916$b.P3716
=100  1\$6880-01$aPak, Ŭn-sik,$d1859-1926
=240  10$6880-02$aHan'guo du li yun dong zhi xue shi.$lJapanese
=245  10$6880-03$aChōsen dokuritsu undō no kesshi$cBoku Inshoku cho, Kyō Tokuso yakuchū.
=250  \\$6880-04$aShohan.
=260  \\$6880-05$aTōkyō,$bHeibonsha,$cShōwa 47 (1972)
=300  \\$a1 online resource (2 volumes).
=336  \\$atext$btxt$2rdacontent
=337  \\$acomputer$bc$2rdamedia
=338  \\$aonline resource$bcr$2rdacarrier
=490  1\$6880-06$aTōyō bunko,$v214, 216
=588  0\$aPrint version record.
=611  27$aIndependence Movement (Korea : 1919)$2fast$0(OCoLC)fst01353264
=648  \7$a1919$2fast
=651  \0$aKorea$xHistory$yIndependence movement, 1919.
=651  \7$aKorea.$2fast$0(OCoLC)fst01206434
=655  \7$aHistory.$2fast$0(OCoLC)fst01411628
=773  0\$tJapanKnowledge
=776  08$iPrint version:$aPak, Ŭn-sik, 1859-1926.$sHan'guo du li yun dong zhi xue shi. Japanese.$tChōsen dokuritsu undō no kesshi.$dTōkyō, Heibonsha, Shōwa 47 (1972)
=830  \0$6880-07$aTōyō bunko$v214, 216.
=856  40$3JapanKnowledge Volume 1$uhttp://japanknowledge.com/lib/display/?lid=80010V0214P0002$yJapanKnowledge Lib
=856  40$3JapanKnowledge Volume 2$uhttp://japanknowledge.com/lib/display/?lid=80010V0216P0002$yJapanKnowledge Lib
=880  1\$6100-01/{dollar}1$a朴殷植,$d1859-1926.
=880  10$6240-02/{dollar}1$a韓国独立運動之血史.$lJapanese
=880  10$6245-03/{dollar}1$a朝鮮独立運動の血史$c朴殷植著, 姜徳相譯注.
=880  \\$6250-04/{dollar}1$a初版.
=880  \\$6260-05/{dollar}1$a東京,$b平凡社,$c昭和47 (1972)
=880  1\$6490-06/{dollar}1$a東洋文庫$v214, 216
=880  1\$6700-00/{dollar}1$a朴殷植,$d1859-1926.$t韓国独立運動之血史.$lJapanese.
=880  \0$6830-07/{dollar}1$a東洋文庫 ;$v214, 216.
=859  \\$aORR$bJapanKnowledge
=CAT  \\$aW1704-1242$b00$c20170509$lBLL01$h0927
=CAT  \\$aBATCH-UPD$b00$c20170509$lBLL01$h0937
=CAT  \\$aW2003-0365$c20200305$lBLL01$h1101
=FIN  \\$aY$d20170509
=SID  \\$aZ30$bOCLC
=SRC  \\$aJapanKnowledge_2017$bJK_OCLC20170203.mrc
=LAS  \\$aW2003-0365$b00$c20200305$lBLL01$h1101

