=LDR  02417 am a22006014i 4500
=001  018338509
=003  Uk
=005  20170106043225.0
=006  m\\\\\o\\d\\\\\\\\
=007  cr\|||||||||||
=008  160115s1974\\\\ja\\\\\\ob\\\\000\0\jpn\d
=FMT  \\$a  BK
=020  \\$z4560055467
=020  \\$z9784560055465
=035  \\$a(OCoLC)934799028
=040  \\$aSTF$beng$cYUS$dOCLCO$dYUS$dOCLCO$dOCLCF$dUk$erda$epn
=041  1\$ajpn$hfre
=050  \4$aBX1712$b.T4163 1974
=100  10$aTestas, Guy,$eauthor.
=240  10$aInquisition.$lJapanese
=245  10$6880-01$aItan shinmon /$cGī Tesutasu, Jan Tesutasu kyōcho ; Anzai Kazuo yaku.
=264  \1$6880-02$aTōkyō :$bHakusuisha,$c1974.
=300  \\$a1 online resource.
=336  \\$atext$btxt$2rdacontent
=337  \\$acomputer$bc$2rdamedia
=338  \\$aonline resource$bcr$2rdacarrier
=490  1\$6880-03$aBunko kuseju ;$v546
=500  \\$aTranslation of: L'Inquisition. Paris : Presses Universitaires de France, 1966.
=504  \\$aIncludes bibliographical references.
=588  \\$aDescription based on print version record.
=650  \0$aInquisition.
=650  \7$aInquisition.$2fast$0(OCoLC)fst00973796
=700  1\$aTestas, Jean,$eauthor.
=700  1\$6880-04,$aAnzai, Kazuo,$d1928-$etranslator.
=730  0\$aInquisition.
=773  0\$tJapanKnowledge
=776  08$6880-05$iPrint version:$aTestas, Guy.$sInquisition. Japanese.$tItan shinmon.$dTōkyō : Hakusuisha, 1974
=830  \0$6880-06$aBunko kuseju$v546.
=856  40$3JapanKnowledge$uhttp://japanknowledge.com/lib/display/?lid=8021005460000$yJapanKnowledge Lib
=880  10$6245-01$a異端審問 /$cギー・テスタス, ジャン・テスタス共著 ; 安斎和雄訳.
=880  \1$6264-02$a東京 :$b白水社,$c1974.
=880  1\$6490-03$a文庫クセジュ ;$v546
=880  1\$6700-04$a安斎和雄,$d1928-$etranslator.
=880  08$6776-05$iPrint version:$aTestas, Guy.$sInquisition. Japanese.$t異端審問.$d東京 : 白水社, 1974$w(OCoLC)33571388
=880  \0$6830-06$a文庫クセジュ ;$v546.
=859  \\$aORR$bJapanKnowledge
=CAT  \\$aW1704-1242$b00$c20170509$lBLL01$h0927
=CAT  \\$aBATCH-UPD$b00$c20170509$lBLL01$h0937
=CAT  \\$aW2003-0365$c20200305$lBLL01$h1101
=FIN  \\$aY$d20170509
=SID  \\$aZ30$bOCLC
=SRC  \\$aJapanKnowledge_2017$bJK_OCLC20170203.mrc
=LAS  \\$aW2003-0365$b00$c20200305$lBLL01$h1101

