=LDR  01986 am a22005414i 4500
=001  018338510
=003  Uk
=005  20170106043226.0
=006  m\\\\\o\\d\\\\\\\\
=007  cr\|||||||||||
=008  151112s2011\\\\ja\a\\\\obd\\\001\0\jpn\c
=FMT  \\$a  BK
=020  \\$z4582126413
=020  \\$z9784582126419
=035  \\$a(OCoLC)928950529
=040  \\$aYUS$beng$cYUS$dOCLCO$dYUS$dOCLCO$dUk$erda$epn
=043  \\$aa-ja---
=050  \4$aPN2924.5.N6$bN534 2011
=245  00$6880-01$aNō, kyōgen jiten /$chenshū iin Nishino Haruo, Hata Hisashi.
=264  \1$6880-03$aTōkyō :$bHeibonsha,$c2011.
=300  \\$a1 online resource
=336  \\$atext$btxt$2rdacontent
=337  \\$acomputer$bc$2rdamedia
=338  \\$aonline resource$bcr$2rdacarrier
=504  \\$aIncludes bibliographical references (p. 502-564) and index.
=588  \\$aDescription based on print version.
=650  \0$aKyōgen$vDictionaries$xJapanese.
=650  \0$aNō$vDictionaries$xJapanese.
=650  \7$aKyōgen.$2fast$0(OCoLC)fst00989615
=650  \7$aNō.$2fast$0(OCoLC)fst01042524
=655  \7$aDictionaries.$2fast$0(OCoLC)fst01423826
=700  1\$6880-06$aNishino, Haruo,$d1943-
=700  1\$6880-07$aHata, Hisashi,$d1939-
=773  0\$tJapanKnowledge
=776  08$iPrint version:$tNō, kyōgen jiten
=856  40$3JapanKnowledge$uhttp://japanknowledge.com/lib/search/basic/?cids=52610$yJapanKnowledge Lib
=880  00$6245-01$a能・狂言事典 /$c編集委員西野春雄, 羽田昶.
=880  \1$6264-03$a東京 :$b平凡社,$c2011.
=880  1\$6700-06$a西野春雄,$d1943-
=880  1\$6700-07$a羽田昶,$d1939-
=859  \\$aORR$bJapanKnowledge
=CAT  \\$aW1704-1242$b00$c20170509$lBLL01$h0927
=CAT  \\$aBATCH-UPD$b00$c20170509$lBLL01$h0937
=CAT  \\$aW2003-0365$c20200305$lBLL01$h1101
=FIN  \\$aY$d20170509
=SID  \\$aZ30$bOCLC
=SRC  \\$aJapanKnowledge_2017$bJK_OCLC20170203.mrc
=LAS  \\$aW2003-0365$b00$c20200305$lBLL01$h1101

