=LDR  03186 am a22007457a 4500
=001  018338511
=003  Uk
=005  20170106043226.0
=006  m\\\\\o\\d\\\\\\\\
=007  cr\|||||||||||
=008  100626s1965\\\\ja\a\\\\o\\\\\000\0\jpn\d
=FMT  \\$a  BK
=019  \\$a301071209
=035  \\$a(OCoLC)644130850$z(OCoLC)301071209
=040  \\$aOCLCE$beng$cOCLCE$dOCLCO$dOCLCQ$dCUS$dOCLCF$dOCLCO$dYUS$dOCLCO$dYUS$dOCLCO$dOCLCQ$dYUS$dOCLCO$dUk$epn
=042  \\$adlr
=043  \\$aa-ja---
=050  \4$aHV7114.O38$bO38 1965
=245  00$6880-01$aOkinawa no hankachō /$cHiga Shunchō, Sakihama Shūmei hen'yaku.
=250  \\$6880-02$aShohan.
=260  \\$6880-03$aTōkyō :$bHeibonsha,$cShōwa 40 [1965]
=300  \\$a1 online resource (35, 262 pages) :$billustrations.
=336  \\$atext$btxt$2rdacontent
=337  \\$acomputer$bc$2rdamedia
=338  \\$aonline resource$bcr$2rdacarrier
=490  1\$6880-04$aTōyō bunko ;$v41
=500  \\$6880-05$aHonsho no genpon "Hirajo kiroku" wa moto Okinawa no Naha Chihō Saibansho Kenjikyoku no zōhon de aru.
=588  0\$aPrint version record.
=650  \0$aCrime$zJapan$zOkinawa-ken$xHistory.
=650  \0$aCriminal justice, Administration of$zJapan$zOkinawa-ken$xHistory.
=650  \0$aPunishment$zJapan$zRyukyu Islands.
=650  \7$aCrime.$2fast$0(OCoLC)fst00882984
=650  \7$aCriminal justice, Administration of.$2fast$0(OCoLC)fst00883246
=650  \7$aPunishment.$2fast$0(OCoLC)fst01084107
=651  \0$aRyukyu Islands$xHistory.
=651  \7$aJapan$zOkinawa-ken.$2fast$0(OCoLC)fst01207860
=651  \7$aJapan$zRyukyu Islands.$2fast$0(OCoLC)fst01207168
=655  \7$aHistory.$2fast$0(OCoLC)fst01411628
=700  1\$6880-06$aHiga, Shunchō,$d1883-1977
=700  1\$6880-07$aSakihama, Shūmei,$d1912-
=773  0\$tJapanKnowledge
=776  08$iPrint version:$tOkinawa no hankachō.$bShohan.$dTōkyō : Heibonsha, Shōwa 40 [1965]
=830  \0$6880-08$aTōyō bunko$v41.
=856  40$3JapanKnowledge$uhttp://japanknowledge.com/lib/display/?lid=80010V0041P0002$yJapanKnowledge Lib
=880  00$6245-01/{dollar}1$a沖縄の犯科帳 /$c比嘉春潮, 崎浜秀明編訳.
=880  \\$6250-02/{dollar}1$a初版.
=880  \\$6260-03/{dollar}1$a東京 :$b平凡社,$c昭和40 [1965]
=880  3\$6246-00/{dollar}1$a平等所裁判記錄
=880  1\$6490-00/{dollar}1$a東洋文庫 ;$v41
=880  1\$6490-04/{dollar}1$a東洋文庫 ;$v41
=880  \\$6500-05/{dollar}1$a本書の原本「平等所記錄」はもと沖縄の那覇地方裁判所檢事局の藏本である.
=880  1\$6700-06/{dollar}1$a比嘉春潮,$d1883-
=880  1\$6700-07/{dollar}1$a崎浜秀明,$d1912-
=880  \0$6830-00/{dollar}1$a東洋文庫 ;$v41.
=880  \0$6830-08/{dollar}1$a東洋文庫 ;$v41.
=859  \\$aORR$bJapanKnowledge
=CAT  \\$aW1704-1242$b00$c20170509$lBLL01$h0927
=CAT  \\$aBATCH-UPD$b00$c20170509$lBLL01$h0937
=CAT  \\$aBATCH-UPD$b00$c20170509$lBLL01$h0940
=CAT  \\$aBATCH-UPD$b00$c20200229$lBLL01$h1713
=CAT  \\$aW2003-0365$c20200305$lBLL01$h1101
=FIN  \\$aY$d20170509
=SID  \\$aZ30$bOCLC
=SRC  \\$aJapanKnowledge_2017$bJK_OCLC20170203.mrc
=LAS  \\$aW2003-0365$b00$c20200305$lBLL01$h1101

