=LDR  03228 am a22005777a 4500
=001  018338512
=003  Uk
=005  20170106043226.0
=006  m\\\\\o\\d\\\\\\\\
=007  cr\|||||||||||
=008  100420s1971\\\\ja\a\\\\o\\\\\001\1\jpn\d
=FMT  \\$a  BK
=035  \\$a(OCoLC)608381602
=040  \\$aOCLCE$beng$cOCLCE$dOCLCQ$dCUS$dOCLCQ$dOCLCF$dYUS$dOCLCO$dYUS$dOCLCO$dOCLCQ$dYUS$dOCLCO$dUk$epn
=042  \\$adlr
=043  \\$aa-ja---
=050  \4$aPL746$b.M5
=245  00$6880-01$aEdo kobanashishū /$cMiyao Shigeo henchū.
=250  \\$6880-02$aShohan.
=260  \\$6880-03$aTōkyō :$bHeibonsha,$cShōwa 46 [1971]
=300  \\$a1 online resource (2 volumes) :$billustrations.
=336  \\$atext$btxt$2rdacontent
=337  \\$acomputer$bc$2rdamedia
=338  \\$aonline resource$bcr$2rdacarrier
=490  1\$6880-04$aTōyō bunko ;$v192, 196
=500  \\$aIncludes index.
=505  00$6880-05$g1.$tZokudan kotoshibanashi.$tKotoshibanashi nihen.$tWaraigusa.$tAze no ochibo.$tKotoshi warai.$tChinwa kanezaifu.$tTōsei shinwa hatsukatsuo.$tKōbunboku.$tChitosegusa.$tHyakufukucha ōtoshibanashi.$tHanaekubo.$tEhō miyage.$tOtoshibanashi haru no yama --$g2.$tShōdan kiku dōji.$tWarai chōja.$tKimidango.$tHanashiuri.$tChūshingura yakuwari kyōkabanashi.$tOtoshibanashi akinai jōzu.$tEhon edo nishiki.$tOtoshibanashi fuku kitaru.$tKagozaiku hanashi.$tOtoshibanashi takara no kurairi.$tChūshingura kaichōbanashi.
=588  0\$aPrint version record.
=650  \0$aJapanese wit and humor.
=650  \7$aJapanese wit and humor.$2fast$0(OCoLC)fst00981980
=700  1\$6880-06$aMiyao, Shigeo,$d1902-1982
=773  0\$tJapanKnowledge
=776  08$iPrint version:$tEdo kobanashishū.$bShohan.$dTōkyō : Heibonsha, Shōwa 46 [1971]
=830  \0$6880-07$aTōyō bunko$v192, etc.
=856  40$3JapanKnowledge Volume 1$uhttp://japanknowledge.com/lib/display/?lid=80010V0192P0002$yJapanKnowledge Lib
=856  40$3JapanKnowledge Volume 2$uhttp://japanknowledge.com/lib/display/?lid=80010V0196P0002$yJapanKnowledge Lib
=880  00$6245-01/{dollar}1$a江戶小咄集 /$c宮尾しげを編注.
=880  \\$6250-02/{dollar}1$a初版.
=880  \\$6260-03/{dollar}1$a東京 :$b平凡社,$c昭和46 [1971]
=880  1\$6490-04/{dollar}1$a東洋文庫 ;$v192, 196
=880  00$6505-05/{dollar}1$g1.$t俗談今歲花時.$t今歲噺二篇.$t和良井久佐.$t畔の落穂.$t今歲笑.$t珍話金財布.$t当世新話はつ鰹.$t好文木.$t千年艸.$t百福茶大年咄.$t華えくぼ.$t恵方みやげ.$tおとしばなし春の山 --$g2.$t笑談聞童子.$t笑長者.$t喜美談語.$tはなし売.$t忠臣蔵役割狂歌咄.$t笑府商内上手.$t絵本江戶錦.$tおとし譚富久喜多留.$t籠細工はなし.$t笑府宝の蔵入.$t忠臣蔵開帳咄.
=880  1\$6700-06/{dollar}1$a宮尾しげを,$d1902-1982.
=880  \0$6830-07/{dollar}1$a東洋文庫 ;$v192, etc.
=859  \\$aORR$bJapanKnowledge
=CAT  \\$aW1704-1242$b00$c20170509$lBLL01$h0927
=CAT  \\$aBATCH-UPD$b00$c20170509$lBLL01$h0937
=CAT  \\$aW2003-0365$c20200305$lBLL01$h1101
=FIN  \\$aY$d20170509
=SID  \\$aZ30$bOCLC
=SRC  \\$aJapanKnowledge_2017$bJK_OCLC20170203.mrc
=LAS  \\$aW2003-0365$b00$c20200305$lBLL01$h1101

