=LDR  03347cam a22007337a 4500
=001  018338513
=003  Uk
=005  20230105154152.0
=006  m\\\\\o\\d\\\\\\\\
=007  cr\|||||||||||
=008  100310s1977\\\\ja\a\\\\ob\\\\001\0\jpn\d
=FMT  \\$a  BK
=019  \\$a301034950
=035  \\$a(OCoLC)550575915$z(OCoLC)301034950
=040  \\$aOCLCE$beng$cOCLCE$dOCLCA$dCUS$dOCLCQ$dOCLCF$dOCLCO$dYUS$dOCLCO$dYUS$dOCLCO$dOCLCQ$dYUS$dOCLCO$dUk$epn
=041  1\$ajpn$heng
=042  \\$adlr
=043  \\$aa-cc---
=050  \4$aZ186C5$bC316
=100  1\$aCarter, Thomas Francis,$d1882-1925.
=240  10$aInvention of printing in China and its spread westward.$lJapanese
=245  10$6880-01$aChūgoku no insatsujutsu :$bsono hatsumei to seiden /$cT.F. Kātā ; Yabuuchi Kiyoshi, [Ishibashi Masako] yakuchū.
=250  \\$6880-02$aShohan.
=260  \\$6880-03$aTōkyō :$bHeibonsha,$cShōwa 52 [1977]
=300  \\$a1 online resource (2 volumes) :$billustrations.
=336  \\$atext$btxt$2rdacontent
=337  \\$acomputer$bc$2rdamedia
=338  \\$aonline resource$bcr$2rdacarrier
=490  1\$6880-04$aTōyō bunko ;$v315-316
=500  \\$6880-05$aIn colophon: yakuchūsha Yabuuchi Kiyoshi, Ishibashi Masako.
=500  \\$aTranslation of: The invention of printing in China and its spread westward.
=504  \\$aIncludes bibliographical references (v. 2, pages 228-260) and index.
=588  0\$aPrint version record.
=650  \0$aPrinting$xHistory$xOrigin and antecedents.
=650  \0$aPrinting$zChina$xHistory.
=650  \7$aPrinting$xOrigin and antecedents.$2fast$0(OCoLC)fst01076651
=650  \7$aPrinting.$2fast$0(OCoLC)fst01076612
=651  \7$aChina.$2fast$0(OCoLC)fst01206073
=655  \7$aHistory.$2fast$0(OCoLC)fst01411628
=700  1\$6880-06$aYabuuchi, Kiyoshi,$d1906-2000
=700  1\$6880-07$aIshibashi, Masako,$d1938-
=773  0\$tJapanKnowledge
=776  08$iPrint version:$aCarter, Thomas Francis,$sInvention of printing in China and its spread westward. Japanese.$tChūgoku no insatsujutsu.$c1882-1925.$dTōkyō : Heibonsha, Shōwa 52 [1977]
=830  \0$6880-08$aTōyō bunko$v315-316.
=856  40$3JapanKnowledge Volume 1$uhttp://japanknowledge.com/lib/display/?lid=80010V0315P0002$yJapanKnowledge Lib
=856  40$3JapanKnowledge Volume 2$uhttp://japanknowledge.com/lib/display/?lid=80010V0316P0002$yJapanKnowledge Lib
=880  10$6245-01/{dollar}1$a中国の印刷術 :$bその発明と西伝 /$cT.F. カーター ; 藪內清, [石橋正子] 訳注.
=880  \\$6250-02/{dollar}1$a初版.
=880  \\$6260-03/{dollar}1$a東京 :$b平本社,$c昭和52 [1977]
=880  1\$6490-04/{dollar}1$a東洋文庫 ;$v315-316
=880  \\$6500-05/{dollar}1$aIn colophon: 訳注者藪内清, 石橋正子.
=880  1\$6700-06/{dollar}1$a藪內清,$d1906-2000.
=880  1\$6700-07/{dollar}1$a石橋正子,$d1938-
=880  \0$6830-08/{dollar}1$a東洋文庫 ;$v315-316.
=859  \\$aORR$bJapanKnowledge
=CAT  \\$aW1704-1242$b00$c20170509$lBLL01$h0927
=CAT  \\$aBATCH-UPD$b00$c20170509$lBLL01$h0938
=CAT  \\$aBATCH-UPD$b00$c20170509$lBLL01$h0940
=CAT  \\$aW2003-0365$c20200305$lBLL01$h1101
=CAT  \\$a4039$b40$c20230105$lBLL01$h1541
=FIN  \\$aY$d20170509
=SID  \\$aZ30$bOCLC
=SRC  \\$aJapanKnowledge_2017$bJK_OCLC20170203.mrc
=LAS  \\$a4039$b40$c20230105$lBLL01$h1541

