=LDR  02555 am a22006494i 4500
=001  018338514
=003  Uk
=005  20180530080247.0
=006  m\\\\\o\\d\\\\\\\\
=007  cr\|||||||||||
=008  151113s1995\\\\ja\\\\\go\\\\\000\0\jpn\d
=FMT  \\$a  BK
=020  \\$z4560057699
=020  \\$z9784560057698
=035  \\$a(OCoLC)929031313
=040  \\$aCNEAL$beng$cYUS$dOCLCO$dYUS$dOCLCO$dOCLCF$dUk$erda$epn
=041  1\$ajpn$hfre
=050  \4$aDS777.8$b.J69165 1995
=100  1\$aJoyaux, François,$d1938-$eauthor.
=240  10$aPolitique exťrieure de la Chine populaire.$lJapanese
=245  10$6880-01$aChūgoku no gaikō /$cFuransowa Jowaiyō cho ; Nakajima Mineo, Watanabe Hirotaka kyōyaku.
=264  \1$6880-02$aTōkyō :$bHakusuisha,$c1995.
=300  \\$a1 online resource.
=336  \\$atext$btxt$2rdacontent
=337  \\$acomputer$bc$2rdamedia
=338  \\$aonline resource$bcr$2rdacarrier
=490  1\$6880-03$aBunko kuseju ;$v769
=500  \\$aTranslation of: La politique exťrieure de la Chine populaire.
=588  \\$aDescription based on print version.
=648  \7$aSince 1949$2fast
=650  \7$aDiplomatic relations.$2fast$0(OCoLC)fst01907412
=651  \0$aChina$xForeign relations$y1949-
=651  \7$aChina.$2fast$0(OCoLC)fst01206073
=700  1\$6880-04$aNakajima, Mineo,$d1936-2013
=700  1\$6880-05$aWatanabe, Hirotaka,$d1954-
=773  0\$tJapanKnowledge
=776  08$iPrint version:$tChugoku no gaiko.
=830  \0$6880-06$aBunko kuseju$v769.
=856  40$3JapanKnowledge$uhttp://japanknowledge.com/lib/display/?lid=8021007690000$yJapanKnowledge Lib
=880  10$6245-01/{dollar}1$a中国の外交 /$cフランソワ・ジョワイヨー著 ; 中嶋嶺雄, 渡辺啓貴共訳.
=880  \1$6264-02/{dollar}1$a東京 :$b白水社,$c1995
=880  1\$6490-03/{dollar}1$a文庫クセジュ ;$v769
=880  1\$6700-04/{dollar}1$a中嶋嶺雄,$d1936-
=880  1\$6700-05/{dollar}1$a渡辺啓貴,$d1954-
=880  \0$6830-06/{dollar}1$a文庫クセジュ ;$v769.
=859  \\$aORR$bJapanKnowledge
=CAT  \\$aW1704-1242$b00$c20170509$lBLL01$h0927
=CAT  \\$aBATCH-UPD$b00$c20170509$lBLL01$h0938
=CAT  \\$aBATCH-UPD$b00$c20170509$lBLL01$h0940
=CAT  \\$aBATCH-UPD$b00$c20180301$lBLL01$h2027
=CAT  \\$aBATCH-UPD$b00$c20180418$lBLL01$h2026
=CAT  \\$a8962$b40$c20180530$lBLL01$h0802
=CAT  \\$aW2003-0365$c20200305$lBLL01$h1101
=FIN  \\$aY$d20170509
=SID  \\$aZ30$bOCLC
=SRC  \\$aJapanKnowledge_2017$bJK_OCLC20170203.mrc
=LAS  \\$aW2003-0365$b00$c20200305$lBLL01$h1101

