=LDR  02533 am a22006254i 4500
=001  018338515
=003  Uk
=005  20170106043227.0
=006  m\\\\\o\\d\\\\\\\\
=007  cr\|||||||||||
=008  160115s1968\\\\ja\\\\\\o\\\\\000\0\jpn\d
=FMT  \\$a  BK
=020  \\$z4560051100
=020  \\$z9784560051108
=035  \\$a(OCoLC)934799100
=040  \\$aSTF$beng$cYUS$dOCLCO$dYUS$dOCLCO$dOCLCF$dUk$erda$epn
=041  1\$ajpn$hfre
=050  \4$aQR56$b.B6163 1968
=100  1\$aBoivin, André,$d1895-1948.$eauthor.
=240  10$aMicrobes.$lJapanese
=245  10$6880-01$aBiseibutsu :$bkaiyaku /$cAndore Bowavan cho ; Egami Fujio, Itabashi Michiko kyōyaku.
=264  \1$6880-02$aTōkyō :$bHakusuisha,$c1968.
=300  \\$a1 online resource.
=336  \\$atext$btxt$2rdacontent
=337  \\$acomputer$bc$2rdamedia
=338  \\$aonline resource$bcr$2rdacarrier
=490  1\$6880-03$aBunko kuseju ;$v110
=500  \\$aTranslation of: Les microbes.
=588  \\$aDescription based on print version record.
=650  \0$aBacteria.
=650  \0$aViruses.
=650  \7$aBacteria.$2fast$0(OCoLC)fst00825152
=650  \7$aViruses.$2fast$0(OCoLC)fst01167771
=700  1\$6880-04,$aEgami, Fujio,$d1910-1982$etranslator.
=700  1\$6880-05$aItabashi, Michiko,$d1921-$etranslator.
=730  0\$aMicrobes.
=773  0\$tJapanKnowledge
=776  08$6880-06$iPrint version:$aBoivin, André, 1895-1948.$sMicrobes. Japanese.$tBiseibutsu.$dTōkyō : Hakusuisha, 1968
=830  \0$6880-07$aBunko kuseju$v110.
=856  40$3JapanKnowledge$uhttp://japanknowledge.com/lib/display/?lid=8021001100000$yJapanKnowledge Lib
=880  10$6245-01$a微生物 :$b改訳 /$cアンドレ・ボワヴァン著 ; 江上不二夫, 板橋美智子共訳.
=880  \1$6264-02$a東京 :$b白水社,$c1968.
=880  1\$6490-03$a文庫クセジュ ;$v110
=880  1\$6700-04$a江上不二夫,$d1910-1982,$etranslator.
=880  1\$6700-05$a板橋美智子,$d1921-$etranslator.
=880  08$6776-06$iPrint version:$aBoivin, André, 1895-1948.$sMicrobes. Japanese.$t微生物.$d東京 : 白水社, 1968$w(OCoLC)33648911
=880  \0$6830-07$a文庫クセジュ ;$v110.
=859  \\$aORR$bJapanKnowledge
=CAT  \\$aW1704-1242$b00$c20170509$lBLL01$h0927
=CAT  \\$aBATCH-UPD$b00$c20170509$lBLL01$h0938
=CAT  \\$aW2003-0365$c20200305$lBLL01$h1101
=FIN  \\$aY$d20170509
=SID  \\$aZ30$bOCLC
=SRC  \\$aJapanKnowledge_2017$bJK_OCLC20170203.mrc
=LAS  \\$aW2003-0365$b00$c20200305$lBLL01$h1101

