=LDR  02148 am a22005654i 4500
=001  018338516
=003  Uk
=005  20170106043228.0
=006  m\\\\\o\\d\\\\\\\\
=007  cr\|||||||||||
=008  151214s1999\\\\ja\\\\\\o\\\\\000\0\jpn\d
=FMT  \\$a  BK
=019  \\$a932129377
=020  \\$z4560058172
=020  \\$z9784560058176
=035  \\$a(OCoLC)932129205$z(OCoLC)932129377
=040  \\$aCNEAL$beng$cYUS$dOCLCO$dUk$erda$epn
=041  1\$ajpn$hfre
=050  \4$aPQ2538$b.M47165 1986
=100  1\$aMitterand, Henri,$eauthor.
=240  10$aZola et le naturalisme.$lJapanese
=245  10$6880-01$aZora to shizen shugi /$cAnri Mittoran cho ; Satō Masatoshi yaku.
=264  \1$6880-02$aTōkyō :$bHakusuisha,$c1999.
=300  \\$a1 online resource.
=336  \\$atext$btxt$2rdacontent
=337  \\$acomputer$bc$2rdamedia
=338  \\$aonline resource$bcr$2rdacarrier
=490  1\$6880-03$aBunko kuseju ;$v817
=588  \\$aDescription based on print version.
=600  10$aZola, Émile,$d1840-1902.
=600  17$aZola, Émile,$d1840-1902$2fast$0(OCoLC)fst00032376
=700  1\$6880-04$aSatō, Masatoshi,$d1948-
=773  0\$tJapanKnowledge
=776  08$iPrint version:$tZora to shizen shugi.
=830  \0$6880-05$aBunko kuseju$v817.
=856  40$3JapanKnowledge$uhttp://japanknowledge.com/lib/display/?lid=8021008170000$yJapanKnowledge Lib
=880  10$6245-01/{dollar}1$aゾラと自然主義 /$cアンリ・ミットラン著 ; 佐藤正年訳.
=880  \1$6264-02/{dollar}1$a東京 :$b白水社,$c1999.
=880  1\$6490-03/{dollar}1$a文庫クセジュ ;$v817
=880  1\$6700-04/{dollar}1$a佐藤正年,$d1948-
=880  0\$6765-00/{dollar}1$tZola et le naturalisme.$dParis : P.U.F., 1986.$kCollection《Que-sais-je?》; no 2314
=880  \0$6830-05/{dollar}1$a文庫クセジュ ;$v817.
=859  \\$aORR$bJapanKnowledge
=CAT  \\$aW1704-1242$b00$c20170509$lBLL01$h0927
=CAT  \\$aBATCH-UPD$b00$c20170509$lBLL01$h0938
=CAT  \\$aW2003-0365$c20200305$lBLL01$h1101
=FIN  \\$aY$d20170509
=SID  \\$aZ30$bOCLC
=SRC  \\$aJapanKnowledge_2017$bJK_OCLC20170203.mrc
=LAS  \\$aW2003-0365$b00$c20200305$lBLL01$h1101

