=LDR  02134 am a22005774i 4500
=001  018338517
=003  Uk
=005  20170106043228.0
=006  m\\\\\o\\d\\\\\\\\
=007  cr\|||||||||||
=008  151113s2001\\\\ja\\\\\\o\\\\\000\0\jpn\d
=FMT  \\$a  BK
=020  \\$z4560058407
=020  \\$z9784560058404
=035  \\$a(OCoLC)929030621
=040  \\$aYUS$beng$cYUS$dOCLCO$dYUS$dOCLCO$dOCLCF$dOCLCO$dUk$erda$epn
=041  1\$ajpn$hfre
=245  00$6880-01$aGo no sentaku /$cJakku Kurare cho ; Kurata Kiyoshi, Nakagawa Yasuaki yaku.
=264  \1$6880-02$aTōkyō :$bHakusuisha,$c2001.
=300  \\$a1 online resource.
=336  \\$atext$btxt$2rdacontent
=337  \\$acomputer$bc$2rdamedia
=338  \\$aonline resource$bcr$2rdacarrier
=490  1\$6880-03$aBunko kuseju ;$v840
=588  \\$aDescription based on print version.
=650  \0$aFrench language$xStyle.
=650  \0$aPsycholinguistics.
=650  \7$aFrench language$xStyle.$2fast$0(OCoLC)fst00934630
=650  \7$aPsycholinguistics.$2fast$0(OCoLC)fst01081323
=700  1\$6880-04$aKurata, Kiyoshi,$d1928-
=700  1\$6880-05$aNakagawa, Yasuaki,$d1951-
=700  1\$aClaret, Jacques.
=730  0\$aChoix des mots.
=773  0\$tJapanKnowledge
=776  08$iPrint version:$tGo no sentaku.
=830  \0$6880-06$aBunko kuseju$v840.
=856  40$3JapanKnowledge$uhttp://japanknowledge.com/lib/display/?lid=8021008400000$yJapanKnowledge Lib
=880  00$6245-01/{dollar}1$a語の選択 /$cジャック・クラレ著 ; 倉田淸, 中川恭明訳.
=880  \1$6264-02/{dollar}1$a東京 :$b白水社,$c2001.
=880  1\$6490-03/{dollar}1$a文庫クセジュ ;$v840
=880  1\$6700-04/{dollar}1$a倉田淸,$d1928-
=880  1\$6700-05/{dollar}1$a中川恭明,$d1951-
=880  \0$6830-06/{dollar}1$a文庫クセジュ ;$v840.
=859  \\$aORR$bJapanKnowledge
=CAT  \\$aW1704-1242$b00$c20170509$lBLL01$h0927
=CAT  \\$aBATCH-UPD$b00$c20170509$lBLL01$h0938
=CAT  \\$aW2003-0365$c20200305$lBLL01$h1101
=FIN  \\$aY$d20170509
=SID  \\$aZ30$bOCLC
=SRC  \\$aJapanKnowledge_2017$bJK_OCLC20170203.mrc
=LAS  \\$aW2003-0365$b00$c20200305$lBLL01$h1101

