=LDR  02058 am a22005414i 4500
=001  018338518
=003  Uk
=005  20170106043228.0
=006  m\\\\\o\\d\\\\\\\\
=007  cr\|||||||||||
=008  160115s1989\\\\ja\\\\\\o\\\\\000\0\jpn\d
=FMT  \\$a  BK
=020  \\$z4560056994
=020  \\$z9784560056998
=035  \\$a(OCoLC)934799012
=040  \\$aWTU$beng$cYUS$dOCLCO$dYUS$dOCLCO$dOCLCF$dUk$erda$epn
=041  1\$ajpn$hfre
=100  1\$aBourgat, Marcelle,$eauthor.
=240  10$aTechnique de la danse.$lJapanese
=245  00$6880-01$aBaree nyūmon /$cMaruseru Buruga cho ; Ichikawa Shūji yaku.
=264  \1$6880-02$aTōkyō :$bHakusuisha,$c1989.
=300  \\$a1 online resource.
=336  \\$atext$btxt$2rdacontent
=337  \\$acomputer$bc$2rdamedia
=338  \\$aonline resource$bcr$2rdacarrier
=490  1\$6880-03$aBunko kuseju ;$v699
=588  \\$aDescription based on print version.
=650  \0$aBallet dancing$xStudy and teaching.
=650  \7$aBallet dancing$xStudy and teaching.$2fast$0(OCoLC)fst00826055
=700  1\$6880-04$aIchikawa, Shūji,$d1938-$etranslator.
=700  1\$iTranslation of:$aBourgat, Marcelle.$tTechnique de la danse.
=773  0\$tJapanKnowledge
=776  08$iPrint version:$tBaree nyūmon.
=830  \0$6880-05$aBunko kuseju$v699.
=856  40$3JapanKnowledge$uhttp://japanknowledge.com/lib/display/?lid=8021006990000$yJapanKnowledge Lib
=880  00$6245-01$aバレエ入門 /$cマルセル・ブルガ著 ; 一川周史訳.
=880  \1$6264-02$a東京 :$b白水社,$c1989.
=880  1\$6490-03$a文庫クセジュ ;$v699
=880  1\$6700-04$a一川周史,$d1938-$etranslator.
=880  \0$6830-05$a文庫クセジュ ;$v699.
=859  \\$aORR$bJapanKnowledge
=CAT  \\$aW1704-1242$b00$c20170509$lBLL01$h0927
=CAT  \\$aBATCH-UPD$b00$c20170509$lBLL01$h0938
=CAT  \\$aW2003-0365$c20200305$lBLL01$h1101
=FIN  \\$aY$d20170509
=SID  \\$aZ30$bOCLC
=SRC  \\$aJapanKnowledge_2017$bJK_OCLC20170203.mrc
=LAS  \\$aW2003-0365$b00$c20200305$lBLL01$h1101

