=LDR  02138 am a22005774i 4500
=001  018338519
=003  Uk
=005  20170106043229.0
=006  m\\\\\o\\d\\\\\\\\
=007  cr\|||||||||||
=008  151214s1969\\\\ja\\\\\\ob\\\\000\0\jpn\d
=FMT  \\$a  BK
=020  \\$z4560054487
=020  \\$z9784560054482
=035  \\$a(OCoLC)932129293
=040  \\$aCNEAL$beng$cYUS$dOCLCO$dUk$erda$epn
=041  1\$ajpn$hfre
=050  \4$aMT50$b.A42165 1969
=100  10$aAlain, Olivier,$eauthor.
=240  10$aHarmonie.$lJapanese
=245  10$6880-01$aWasei no rekishi /$cOrivie Aran cho ; Nagatomi Masayuki, Ninomiya Masayuki kyōyaku.
=264  \1$6880-02$aTōkyō :$bHakusuisha,$c1969.
=300  \\$a1 online resource.
=336  \\$atext$btxt$2rdacontent
=337  \\$acomputer$bc$2rdamedia
=338  \\$aonline resource$bcr$2rdacarrier
=490  1\$6880-03$aBunko kuseju ;$v448
=500  \\$aTranslation of: L'harmonie.
=504  \\$aIncludes bibliographical references.
=588  \\$aDescription based on print version.
=700  1\$6880-04$aNagatomi, Masayuki,$d1932-
=700  1\$6880-05$aNinomiya, Masayuki,$d1938-
=773  0\$tJapanKnowledge
=776  08$iPrint version:$tWasei no rekishi.
=830  \0$6880-06$aBunko kuseju$v448.
=856  40$3JapanKnowledge$uhttp://japanknowledge.com/lib/display/?lid=8021004480000$yJapanKnowledge Lib
=880  10$6245-01/{dollar}1$a和声の歴史 /$cオリヴィエ・アラン著 ; 永富正之, 二宮正之共訳.
=880  \1$6264-02/{dollar}1$a東京 :$b白水社,$c1969.
=880  1\$6490-03/{dollar}1$a文庫クセジュ ;$v448
=880  1\$6700-04/{dollar}1$a永富正之,$d1932-
=880  1\$6700-05/{dollar}1$a二宮正之,$d1938-
=880  \0$6830-06/{dollar}1$a文庫クセジュ ;$v448.
=859  \\$aORR$bJapanKnowledge
=CAT  \\$aW1704-1242$b00$c20170509$lBLL01$h0927
=CAT  \\$aBATCH-UPD$b00$c20170509$lBLL01$h0938
=CAT  \\$aBATCH-UPD$b00$c20170509$lBLL01$h0940
=CAT  \\$aW2003-0365$c20200305$lBLL01$h1101
=FIN  \\$aY$d20170509
=SID  \\$aZ30$bOCLC
=SRC  \\$aJapanKnowledge_2017$bJK_OCLC20170203.mrc
=LAS  \\$aW2003-0365$b00$c20200305$lBLL01$h1101

