=LDR  02057 am a22005417a 4500
=001  018338520
=003  Uk
=005  20170106043229.0
=006  m\\\\\o\\d\\\\\\\\
=007  cr\|||||||||||
=008  100429s1968\\\\ja\\\\\\o\\\\\000\0\jpn\d
=FMT  \\$a  BK
=019  \\$a555977693
=035  \\$a(OCoLC)610119388$z(OCoLC)555977693
=040  \\$aOCLCE$beng$cOCLCE$dOCLCQ$dCUS$dOCLCQ$dOCLCF$dYUS$dOCLCO$dYUS$dOCLCO$dOCLCQ$dYUS$dOCLCO$dUk$epn
=042  \\$adlr
=043  \\$aa-cc---
=050  \4$aPN989.C5$bC56 1968
=245  00$6880-01$aChūgoku kodai gūwashū /$cGotō Motomi hen'yaku.
=260  \\$6880-02$aTōkyō :$bHeibonsha,$c1968$g(1981 printing)
=300  \\$a1 online resource (12, 342 pages).
=336  \\$atext$btxt$2rdacontent
=337  \\$acomputer$bc$2rdamedia
=338  \\$aonline resource$bcr$2rdacarrier
=490  1\$6880-03$aTōyō bunko ;$v109
=588  0\$aPrint version record.
=650  \0$aFables, Chinese.
=650  \7$aFables, Chinese.$2fast$0(OCoLC)fst00919393
=700  1\$6880-04$aGotō, Motomi,$d1915-1977
=773  0\$tJapanKnowledge
=776  08$iPrint version:$tChūgoku kodai gūwashū.$dTōkyō : Heibonsha, 1968
=830  \0$6880-05$aTōyō bunko$v109.
=856  40$3JapanKnowledge$uhttp://japanknowledge.com/lib/display/?lid=80010V0109P0002$yJapanKnowledge Lib
=880  00$6245-01/{dollar}1$a中国古代寓話集 /$c後藤基巳編訳.
=880  \\$6260-02/{dollar}1$a東京 :$b平凡社,$c1968$g(1981 printing)
=880  \\$6250-00/{dollar}1$a初版.
=880  1\$6490-03/{dollar}1$a東洋文庫 ;$v109
=880  1\$6700-04/{dollar}1$a後藤基巳,$d1915-1977.
=880  \0$6830-05/{dollar}1$a東洋文庫 ;$v109.
=859  \\$aORR$bJapanKnowledge
=CAT  \\$aW1704-1242$b00$c20170509$lBLL01$h0927
=CAT  \\$aBATCH-UPD$b00$c20170509$lBLL01$h0938
=CAT  \\$aBATCH-UPD$b00$c20170509$lBLL01$h0940
=CAT  \\$aW2003-0365$c20200305$lBLL01$h1101
=FIN  \\$aY$d20170509
=SID  \\$aZ30$bOCLC
=SRC  \\$aJapanKnowledge_2017$bJK_OCLC20170203.mrc
=LAS  \\$aW2003-0365$b00$c20200305$lBLL01$h1101

