=LDR  02868 am a22006617a 4500
=001  018338521
=003  Uk
=005  20170106043229.0
=006  m\\\\\o\\d\\\\\\\\
=007  cr\|||||||||||
=008  100626m19701976ja\ab\\\ob\\\\000\0bjpn\d
=FMT  \\$a  BK
=019  \\$a300674541
=035  \\$a(OCoLC)643826017$z(OCoLC)300674541
=040  \\$aOCLCE$beng$cOCLCE$dCUS$dOCLCQ$dOCLCO$dOCLCA$dOCLCQ$dOCLCF$dYUS$dOCLCO$dYUS$dOCLCQ$dYUS$dOCLCO$dUk$epn
=042  \\$adlr
=050  \4$aDS19$b.Y7619
=130  0\$aYuan chao mi shi.$lJapanese.
=245  10$6880-01$aMongoru hishi :$bChingisu Kan monogatari /$cMurakami Masatsugu yakuchū.
=250  \\$6880-02$aShohan.
=260  \\$6880-03$aTōkyō :$bHeibonsha,$cShōwa 45-51 [1970-1976]
=300  \\$a1 online resource (3 volumes) :$billustrations, maps.
=336  \\$atext$btxt$2rdacontent
=337  \\$acomputer$bc$2rdamedia
=338  \\$aonline resource$bcr$2rdacarrier
=490  1\$6880-04$aTōyō bunko ;$v163, 209, 294
=504  \\$aIncludes bibliographical references (v. 1, pages 11-16).
=588  0\$aPrint version record.
=600  00$aGenghis Khan,$d1162-1227.
=600  07$aGenghis Khan,$d1162-1227$2fast$0(OCoLC)fst00087611
=650  \0$aMongols$xHistory.
=650  \7$aMongols.$2fast$0(OCoLC)fst01025421
=655  \7$aHistory.$2fast$0(OCoLC)fst01411628
=700  1\$6880-05$aMurakami, Masatsugu,$d1913-
=740  0\$6880-06$aChingisu Kan monogatari.
=773  0\$tJapanKnowledge
=776  08$iPrint version:$tMongoru hishi.$bShohan.$dTōkyō : Heibonsha, Shōwa 45-51 [1970-1976]
=830  \0$6880-07$aTōyō bunko$v163, 209, 294.
=856  40$3JapanKnowledge Volume 1$uhttp://japanknowledge.com/lib/display/?lid=80010V0163P0003$yJapanKnowledge Lib
=856  40$3JapanKnowledge Volume 2$uhttp://japanknowledge.com/lib/display/?lid=80010V0209P0002$yJapanKnowledge Lib
=856  40$3JapanKnowledge Volume 3$uhttp://japanknowledge.com/lib/display/?lid=80010V0294P0002$yJapanKnowledge Lib
=880  0\$6130-00/{dollar}1$a元朝秘史.$lJapanese.
=880  10$6245-01/{dollar}1$aモンゴル秘史 :$bチンギス・カン物語 /$c村上正二訳註.
=880  \\$6250-02/{dollar}1$a初版.
=880  \\$6260-03/{dollar}1$a東京 :$b平凡社,$c昭和 45-51 [1970-1976]
=880  1\$6490-04/{dollar}1$a東洋文庫 ;$v163, 209, 294
=880  1\$6700-05/{dollar}1$a村上正二,$d1913-
=880  0\$6740-06/{dollar}1$aチンギス・カン物語.
=880  \0$6830-07/{dollar}1$a東洋文庫 ;$v163, 209, 294.
=859  \\$aORR$bJapanKnowledge
=CAT  \\$aW1704-1242$b00$c20170509$lBLL01$h0927
=CAT  \\$aBATCH-UPD$b00$c20170509$lBLL01$h0938
=CAT  \\$aBATCH-UPD$b00$c20170509$lBLL01$h0940
=CAT  \\$aW2003-0365$c20200305$lBLL01$h1101
=FIN  \\$aY$d20170509
=SID  \\$aZ30$bOCLC
=SRC  \\$aJapanKnowledge_2017$bJK_OCLC20170203.mrc
=LAS  \\$aW2003-0365$b00$c20200305$lBLL01$h1101

