=LDR  02381 am a22006014i 4500
=001  018338522
=003  Uk
=005  20170106043230.0
=006  m\\\\\o\\d\\\\\\\\
=007  cr\|||||||||||
=008  151117s2007\\\\ja\\\\\gob\\\\000\0\jpn\d
=FMT  \\$a  BK
=020  \\$z4560509190
=020  \\$z9784560509197
=035  \\$a(OCoLC)929688272
=040  \\$aWTU$beng$cYUS$dOCLCO$dYUS$dOCLCO$dOCLCF$dUk$erda$epn
=041  1\$ajpn$hfre
=100  10$aHoog, Emmanuel,$eauthor.
=240  10$aINA.$lJapanese
=245  10$6880-01$aSekai saidai dejitaru eizō ākaibu INA /$cEmanyueru Ōgu cho ; Nishi Kenji yaku.
=264  \1$6880-02$aTōkyō :$bHakusuisha,$c2007.
=300  \\$a1 online resource.
=336  \\$atext$btxt$2rdacontent
=337  \\$acomputer$bc$2rdamedia
=338  \\$aonline resource$bcr$2rdacarrier
=490  1\$6880-03$aBunko Kuseju ;$v919
=504  \\$aIncludes bibliographical references.
=588  \\$aDescription based on print version.
=610  20$aInstitut national de l'audiovisuel (France)$xHistory.
=610  27$aInstitut national de l'audiovisuel (France)$2fast$0(OCoLC)fst00538550
=650  \0$aAudio-visual archives$zFrance$xHistory.
=650  \7$aAudio-visual archives.$2fast$0(OCoLC)fst00821032
=651  \7$aFrance.$2fast$0(OCoLC)fst01204289
=655  \7$aHistory.$2fast$0(OCoLC)fst01411628
=700  1\$6880-04$aNishi, Kenji,$etranslator.
=700  1\$iTranslation of:$aHoog, Emmanuel.$tL'INA.
=773  0\$tJapanKnowledge
=776  08$iPrint version:$tSekai saidai dejitaru eizō ākaibu INA
=830  \0$6880-05$aBunko kuseju$v919.
=856  40$3JapanKnowledge$uhttp://japanknowledge.com/lib/display/?lid=8021009190000$yJapanKnowledge Lib
=880  10$6245-01$a世界最大デジタル映像アーカイブINA /$cエマニュエル・オーグ著 ; 西兼志訳.
=880  \1$6264-02$a東京 :$b白水社,$c2007.
=880  1\$6490-03$a文庫クセジュ ;$v919
=880  1\$6700-04$a西兼志,$etranslator.
=880  \0$6830-05$a文庫クセジュ ;$v919.
=859  \\$aORR$bJapanKnowledge
=CAT  \\$aW1704-1242$b00$c20170509$lBLL01$h0927
=CAT  \\$aBATCH-UPD$b00$c20170509$lBLL01$h0938
=CAT  \\$aW2003-0365$c20200305$lBLL01$h1101
=FIN  \\$aY$d20170509
=SID  \\$aZ30$bOCLC
=SRC  \\$aJapanKnowledge_2017$bJK_OCLC20170203.mrc
=LAS  \\$aW2003-0365$b00$c20200305$lBLL01$h1101

