=LDR  02121 am a22005774i 4500
=001  018338523
=003  Uk
=005  20170106043230.0
=006  m\\\\\o\\d\\\\\\\\
=007  cr\|||||||||||
=008  151113s1999\\\\ja\\\\\\o\\\\\000\0\jpn\d
=FMT  \\$a  BK
=020  \\$z4560058156
=020  \\$z9784560058152
=035  \\$a(OCoLC)929030488
=040  \\$aYUS$beng$cYUS$dYUS$dOCLCO$dOCLCF$dUk$erda$epn
=041  1\$ajpn$hfre
=043  \\$an-mx---
=245  00$6880-01$aMekishiko shi /$cFuransowa Weimyurēru cho ; Someda Hidefuji, Shinohara Aito yaku.
=264  \1$6880-02$aTōkyō :$bHakusuisha,$c1999.
=300  \\$a1 online resource.
=336  \\$atext$btxt$2rdacontent
=337  \\$acomputer$bc$2rdamedia
=338  \\$aonline resource$bcr$2rdacarrier
=490  1\$6880-03$aBunko kuseju ;$v815
=588  \\$aDescription based on print version.
=651  \0$aMexico$xHistory.
=651  \7$aMexico.$2fast$0(OCoLC)fst01211700
=655  \7$aHistory.$2fast$0(OCoLC)fst01411628
=700  1\$6880-04$aSomeda, Hidefuji,$d1944-
=700  1\$6880-05$aShinohara, Aito,$d1953-
=700  1\$aWeymuller, François.
=730  0\$aHistoire du Mexique.
=773  0\$tJapanKnowledge
=776  08$iPrint version:$tMekishikoshi.
=830  \0$6880-06$aBunko kuseju$v815.
=856  40$3JapanKnowledge$uhttp://japanknowledge.com/lib/display/?lid=8021008150000$yJapanKnowledge Lib
=880  00$6245-01/{dollar}1$aメキシコ史 /$cフランソワ・ウェイミュレール著 ; 染田秀藤, 篠原愛人訳.
=880  \1$6264-02/{dollar}1$a東京 :$b白水社,$c1999.
=880  1\$6490-03/{dollar}1$a文庫クセジュ ;$v815
=880  1\$6700-04/{dollar}1$a染田秀藤,$d1944-
=880  1\$6700-05/{dollar}1$a篠原愛人,$d1953-
=880  \0$6830-06/{dollar}1$a文庫クセジュ ;$v815.
=859  \\$aORR$bJapanKnowledge
=CAT  \\$aW1704-1242$b00$c20170509$lBLL01$h0927
=CAT  \\$aBATCH-UPD$b00$c20170509$lBLL01$h0938
=CAT  \\$aW2003-0365$c20200305$lBLL01$h1101
=FIN  \\$aY$d20170509
=SID  \\$aZ30$bOCLC
=SRC  \\$aJapanKnowledge_2017$bJK_OCLC20170203.mrc
=LAS  \\$aW2003-0365$b00$c20200305$lBLL01$h1101

