=LDR  02849 am a22006857a 4500
=001  018338524
=003  Uk
=005  20170106043230.0
=006  m\\\\\o\\d\\\\\\\\
=007  cr\|||||||||||
=008  100630s1967\\\\ja\b\\\\ob\\\\001\0djpn\d
=FMT  \\$a  BK
=019  \\$a300842377
=035  \\$a(OCoLC)645398502$z(OCoLC)300842377
=040  \\$aOCLCE$beng$cOCLCE$dOCLCQ$dOCLCO$dOCLCQ$dCUS$dOCLCF$dYUS$dOCLCO$dYUS$dOCLCO$dOCLCQ$dYUS$dOCLCO$dUk$epn
=041  1\$ajpn$hdut
=042  \\$adlr
=043  \\$aa-ja---
=050  \4$aDS808$b.C23 1967
=100  1\$aCaron, François,$d1600-1673.
=240  10$aBenschrijvinghe van het machtigh coninckrijcke Japan.$lJapanese
=245  10$6880-01$aNihon daiōkoku shi /$cFransoa Karon gencho ; Kōda Shigetomo yakucho.
=246  3\$6880-02$aNihon dai ōkokushi
=250  \\$6880-03$aShohan.
=260  \\$6880-04$aTōkyo :$bHeibonsha,$c1967$g(1981 printing)
=300  \\$a1 online resource (10, 312, 5 pages) :$bmap.
=336  \\$atext$btxt$2rdacontent
=337  \\$acomputer$bc$2rdamedia
=338  \\$aonline resource$bcr$2rdacarrier
=490  1\$6880-05$aTōyō bunko ;$v90
=504  \\$aIncludes bibliographical references and index.
=588  0\$aPrint version record.
=600  10$aCaron, François,$d1600-1673.
=600  17$aCaron, François,$d1600-1673$2fast$0(OCoLC)fst00152108
=650  \7$aTravel.$2fast$0(OCoLC)fst01155558
=651  \0$aJapan$xDescription and travel$vEarly works to 1800.
=651  \0$aJapan$xDescription and travel.
=651  \7$aJapan.$2fast$0(OCoLC)fst01204082
=655  \7$aEarly works.$2fast$0(OCoLC)fst01411636
=700  1\$6880-06$aKōda, Shigetomo,$d1873-1954
=773  0\$tJapanKnowledge
=776  08$iPrint version:$aCaron, François, 1600-1673.$sBenschrijvinghe van het machtigh coninckrijcke Japan. Japanese.$tNihon daiōkoku shi.$bShohan.$dTōkyo : Heibonsha, 1967
=830  \0$6880-07$aTōyō bunko$v90.
=856  40$3JapanKnowledge$uhttp://japanknowledge.com/lib/display/?lid=80010V0090P0002$yJapanKnowledge Lib
=880  10$6245-01/{dollar}1$a日本大王国志 /$cフランソア. カロン原著 ; 幸田成友訳著.
=880  3\$6246-02/{dollar}1$a日本大王国志
=880  \\$6250-03/{dollar}1$a初版.
=880  \\$6260-04/{dollar}1$a東京 :$b平凡社,$c1967$g(1981 printing)
=880  1\$6490-05/{dollar}1$a東洋文庫 ;$v90
=880  1\$6700-06/{dollar}1$a幸田成友,$d1873-1954.
=880  \0$6830-07/{dollar}1$a東洋文庫 ;$v90.
=859  \\$aORR$bJapanKnowledge
=CAT  \\$aW1704-1242$b00$c20170509$lBLL01$h0927
=CAT  \\$aBATCH-UPD$b00$c20170509$lBLL01$h0938
=CAT  \\$aBATCH-UPD$b00$c20170509$lBLL01$h0940
=CAT  \\$aW2003-0365$c20200305$lBLL01$h1101
=FIN  \\$aY$d20170509
=SID  \\$aZ30$bOCLC
=SRC  \\$aJapanKnowledge_2017$bJK_OCLC20170203.mrc
=LAS  \\$aW2003-0365$b00$c20200305$lBLL01$h1101

