=LDR  02312 am a22006017a 4500
=001  018338525
=003  Uk
=005  20170106043231.0
=006  m\\\\\o\\d\\\\\\\\
=007  cr\|||||||||||
=008  111002s1995\\\\ja\a\\\\ob\\\\000\0\jpn\d
=FMT  \\$a  BK
=020  \\$z4582805930
=020  \\$z9784582805932
=035  \\$a(OCoLC)755308364
=040  \\$aOCLCE$beng$cOCLCE$dCUS$dOCLCQ$dOCLCF$dOCLCQ$dYUS$dOCLCO$dYUS$dOCLCO$dOCLCQ$dYUS$dOCLCO$dUk$epn
=043  \\$aa-cc---
=050  \4$aBQ6345.W83$bH53 1995
=100  1\$6880-01$aHibino, Takeo,$d1914-2007
=245  10$6880-02$aGodaisan /$cHibino Takeo, Ono Katsutoshi.
=250  \\$6880-03$aShohan.
=260  \\$6880-04$aTōkyō :$bHeibonsha,$c1995.
=300  \\$a1 online resource (410 pages) :$billustrations.
=336  \\$atext$btxt$2rdacontent
=337  \\$acomputer$bc$2rdamedia
=338  \\$aonline resource$bcr$2rdacarrier
=490  1\$6880-05$aTōyō bunko ;$v593
=504  \\$aIncludes bibliographical references (pages 385-401).
=588  0\$aPrint version record.
=650  \0$aBuddhist temples$zChina$zWutai Mountains.
=650  \7$aBuddhist temples.$2fast$0(OCoLC)fst01727649
=651  \0$aWutai Mountains (China)
=651  \7$aChina$zWutai Mountains.$2fast$0(OCoLC)fst01244566
=700  1\$6880-06$aOno, Katsutoshi.
=773  0\$tJapanKnowledge
=776  08$iPrint version:$aHibino, Takeo, 1914-2007.$tGodaisan.$bShohan.$dTōkyō : Heibonsha, 1995$z4582805930
=830  \0$6880-07$aTōyō bunko$v593.
=856  40$3JapanKnowledge$uhttp://japanknowledge.com/lib/display/?lid=80010V0593P0002$yJapanKnowledge Lib
=880  1\$6100-01/{dollar}1$a日比野丈夫,$d1914-2007.
=880  10$6245-02/{dollar}1$a五台山 /$c日比野丈夫, 小野勝年.
=880  \\$6250-03/{dollar}1$a初版.
=880  \\$6260-04/{dollar}1$a東京 :$b平凡社,$c1995.
=880  1\$6490-05/{dollar}1$a東洋文庫 ;$v593
=880  1\$6700-06/{dollar}1$a小野勝年.
=880  \0$6830-07/{dollar}1$a東洋文庫 ;$v593.
=859  \\$aORR$bJapanKnowledge
=CAT  \\$aW1704-1242$b00$c20170509$lBLL01$h0927
=CAT  \\$aBATCH-UPD$b00$c20170509$lBLL01$h0938
=CAT  \\$aW2003-0365$c20200305$lBLL01$h1101
=FIN  \\$aY$d20170509
=SID  \\$aZ30$bOCLC
=SRC  \\$aJapanKnowledge_2017$bJK_OCLC20170203.mrc
=LAS  \\$aW2003-0365$b00$c20200305$lBLL01$h1101

