=LDR  02837 am a22006977i 4500
=001  018338526
=003  Uk
=005  20170106043231.0
=006  m\\\\\o\\d\\\\\\\\
=007  cr\|||||||||||
=008  100310r19791922ja\af\\\o\\\\\000\0\jpn\d
=FMT  \\$a  BK
=019  \\$a300958420$a774925249
=035  \\$a(OCoLC)550581631$z(OCoLC)300958420$z(OCoLC)774925249
=040  \\$aOCLCE$beng$cOCLCE$dOCLCQ$dCUS$dOCLCF$dYUS$dOCLCO$dYUS$dOCLCO$dOCL$dOCLCQ$dYUS$dOCLCO$dUk$epn
=042  \\$adlr
=043  \\$aa-ja---
=045  \\$au0w6
=050  \4$aDS824$b.S54 1979
=084  \\$a288.4$2njb/9
=100  1\$6880-01$aShimohashi, Yukiosa,$d1845-1924
=245  10$6880-02$aBakumatsu no kyūtei /$cShimohashi Yukiosa ; Hagura Keishō chū.
=260  \\$6880-03$aTōkyō :$bHeibonsha,$c1979.
=300  \\$a1 online resource (iii, 396 pages, [1] leaf of plates) :$billustrations.
=336  \\$atext$btxt$2rdacontent
=337  \\$acomputer$bc$2rdamedia
=338  \\$aonline resource$bcr$2rdacarrier
=490  1\$6880-04$aTōyō bunko ;$v353
=500  \\$6880-05$a"Fu: Ishin-zen no kyūtei seikatsu": pages 227-345.
=500  \\$aReprint of the 1922 ed. published by Kunaishō Toshoryō, Tokyo.
=588  0\$aPrint version record.
=648  \7$a1600-1868$2fast
=650  \7$aCourts and courtiers.$2fast$0(OCoLC)fst00881829
=650  \7$aManners and customs.$2fast$0(OCoLC)fst01007815
=650  07$6880-06$aKōshitsu.$2jlabsh/4
=651  \0$aJapan$xCourt and courtiers.
=651  \0$aJapan$xSocial life and customs$y1600-1868.
=651  \7$aJapan.$2fast$0(OCoLC)fst01204082
=700  1\$6880-07$aHagura, Keishō,$d1891-1978
=773  0\$tJapanKnowledge
=776  08$iPrint version:$aShimohashi, Yukiosa, 1845-1924.$tBakumatsu no kyūtei.$dTōkyō : Heibonsha, 1979
=830  \0$6880-08$aTōyō bunko$v353.
=856  40$3JapanKnowledge$uhttp://japanknowledge.com/lib/display/?lid=80010V0353P0002$yJapanKnowledge Lib
=880  1\$6100-01/{dollar}1$a下橋敬長,$d1845-1924.
=880  10$6245-02/{dollar}1$a幕末の宮庭 /$c下橋敬長 ; 羽倉敬尚注.
=880  \\$6260-03/{dollar}1$a東京 :$b平凡社,$c1979.
=880  \\$6250-00/{dollar}1$a初版.
=880  1\$6490-04/{dollar}1$a東洋文庫 ;$v353
=880  \\$6500-05/{dollar}1$a"付・維新前の宮庭生活": pages 227-345.
=880  07$6650-06/{dollar}1$a皇室.$2jlabsh/4
=880  1\$6700-07/{dollar}1$a羽倉敬尚,$d1891-
=880  \0$6830-08/{dollar}1$a東洋文庫 ;$v353.
=859  \\$aORR$bJapanKnowledge
=CAT  \\$aW1704-1242$b00$c20170509$lBLL01$h0927
=CAT  \\$aBATCH-UPD$b00$c20170509$lBLL01$h0938
=CAT  \\$aBATCH-UPD$b00$c20170509$lBLL01$h0940
=CAT  \\$aW2003-0365$c20200305$lBLL01$h1101
=FIN  \\$aY$d20170509
=SID  \\$aZ30$bOCLC
=SRC  \\$aJapanKnowledge_2017$bJK_OCLC20170203.mrc
=LAS  \\$aW2003-0365$b00$c20200305$lBLL01$h1101

