=LDR  02888 am a22007217a 4500
=001  018338527
=003  Uk
=005  20170106043231.0
=006  m\\\\\o\\d\\\\\\\\
=007  cr\|||||||||||
=008  100315m19871988ja\\\\\\o\\\\\000\0\jpn\d
=FMT  \\$a  BK
=019  \\$a607862303
=020  \\$z458280473X$q(v. 1)
=020  \\$z4582804780$q(v. 2)
=020  \\$z9784582804737$q(v. 1)
=020  \\$z9784582804782$q(v. 2)
=035  \\$a(OCoLC)555807539$z(OCoLC)607862303
=040  \\$aOCLCE$beng$cOCLCE$dOCLCQ$dCUS$dOCLCQ$dOCLCO$dOCLCQ$dOCLCF$dOCLCO$dYUS$dOCLCO$dYUS$dOCLCO$dOCL$dOCLCQ$dYUS$dOCLCO$dUk$epn
=042  \\$adlr
=043  \\$aa-ja---
=050  \4$aHC462.7$b.D35 1987
=245  00$6880-01$aDai Nihon sangyō jiseki /$cŌbayashi Yūya [hen] ; Furushima Toshio jo.
=250  \\$6880-02$aShohan.
=260  \\$6880-03$aTōkyō :$bHeibonsha,$c1987-1988.
=300  \\$a1 online resource (2 volumes).
=336  \\$atext$btxt$2rdacontent
=337  \\$acomputer$bc$2rdamedia
=338  \\$aonline resource$bcr$2rdacarrier
=490  1\$6880-04$aTōyō bunko ;$v473, 478
=588  0\$aPrint version record.
=648  \7$a1868-1918$2fast
=650  \0$aIndustrial policy$zJapan$xHistory.
=650  \0$aIndustries$zJapan$xHistory.
=650  \7$aEconomic history.$2fast$0(OCoLC)fst00901974
=650  \7$aIndustrial policy.$2fast$0(OCoLC)fst00971433
=650  \7$aIndustries.$2fast$0(OCoLC)fst00971852
=651  \0$aJapan$xEconomic conditions$y1868-1918.
=651  \7$aJapan.$2fast$0(OCoLC)fst01204082
=655  \7$aHistory.$2fast$0(OCoLC)fst01411628
=700  1\$6880-05$aŌbayashi, Yūya.
=700  1\$6880-06$aFurushima, Toshio,$d1912-1995
=773  0\$tJapanKnowledge
=776  08$iPrint version:$tDai Nihon sangyō jiseki.$bShohan.$dTōkyō : Heibonsha, 1987-1988
=830  \0$6880-07$aTōyō bunko$v473, 478.
=856  40$3JapanKnowledge Volume 1$uhttp://japanknowledge.com/lib/display/?lid=80010V0473P0002$yJapanKnowledge Lib
=856  40$3JapanKnowledge Volume 2$uhttp://japanknowledge.com/lib/display/?lid=80010V0478P0002$yJapanKnowledge Lib
=880  00$6245-01/{dollar}1$a大日本産業事蹟 /$c大林雄也 [編] ; 古島敏雄序.
=880  \\$6250-02/{dollar}1$a初版.
=880  \\$6260-03/{dollar}1$a東京 :$b平凡社,$c1987-1988.
=880  1\$6490-04/{dollar}1$a東洋文庫 ;$v473, 478
=880  1\$6700-05/{dollar}1$a大林雄也.
=880  1\$6700-06/{dollar}1$a古島敏雄,$d1912-1995.
=880  \0$6830-07/{dollar}1$a東洋文庫 ;$v473, 478.
=859  \\$aORR$bJapanKnowledge
=CAT  \\$aW1704-1242$b00$c20170509$lBLL01$h0927
=CAT  \\$aBATCH-UPD$b00$c20170509$lBLL01$h0938
=CAT  \\$aBATCH-UPD$b00$c20170509$lBLL01$h0940
=CAT  \\$aW2003-0365$c20200305$lBLL01$h1101
=FIN  \\$aY$d20170509
=SID  \\$aZ30$bOCLC
=SRC  \\$aJapanKnowledge_2017$bJK_OCLC20170203.mrc
=LAS  \\$aW2003-0365$b00$c20200305$lBLL01$h1101

