=LDR  02180 am a22005894i 4500
=001  018338528
=003  Uk
=005  20170106043232.0
=006  m\\\\\o\\d\\\\\\\\
=007  cr\|||||||||||
=008  151113s1997\\\\ja\\\\\\o\\\\\000\0\jpn\d
=FMT  \\$a  BK
=020  \\$z4560057877
=020  \\$z9784560057872
=035  \\$a(OCoLC)929030542
=040  \\$aYUS$beng$cYUS$dYUS$dOCLCO$dOCLCF$dUk$erda$epn
=041  1\$ajpn$hfre
=043  \\$ae-fr---
=050  \4$aDC160$b.S44163 1997
=245  00$6880-01$aShōchōkei no seijigaku /$cRyushian Sufēzu cho ; Tanaka Tsunehisa yaku.
=264  \1$6880-02$aTōkyō :$bHakusuisha,$c1997.
=300  \\$a1 online resource.
=336  \\$atext$btxt$2rdacontent
=337  \\$acomputer$bc$2rdamedia
=338  \\$aonline resource$bcr$2rdacarrier
=490  1\$6880-03$aBunko kuseju ;$v787
=588  \\$aDescription based on print version.
=650  \0$aSymbolism in politics$zFrance.
=650  \0$aPolitics, Practical$zFrance.
=650  \7$aPolitics, Practical.$2fast$0(OCoLC)fst01069977
=650  \7$aSymbolism in politics.$2fast$0(OCoLC)fst01140787
=651  \7$aFrance.$2fast$0(OCoLC)fst01204289
=700  1\$6880-04$aTanaka, Tsunehisa,$d1965-
=700  1\$aSfez, Lucien.
=730  0\$aSymbolique politique.
=773  0\$tJapanKnowledge
=776  08$iPrint version:$tShōchōkei no seijigaku.
=830  \0$6880-05$aBunko kuseju$v787.
=856  40$3JapanKnowledge$uhttp://japanknowledge.com/lib/display/?lid=8021007870000$yJapanKnowledge Lib
=880  00$6245-01/{dollar}1$a象徴系の政治学 /$cリュシアン・スフェーズ著 ; 田中恒寿訳.
=880  \1$6264-02/{dollar}1$a東京 :$b白水社,$c1997.
=880  1\$6490-03/{dollar}1$a文庫クセジュ ;$v787
=880  1\$6700-04/{dollar}1$a田中恒寿,$d1965-
=880  \0$6830-05/{dollar}1$a文庫クセジュ ;$v787.
=859  \\$aORR$bJapanKnowledge
=CAT  \\$aW1704-1242$b00$c20170509$lBLL01$h0927
=CAT  \\$aBATCH-UPD$b00$c20170509$lBLL01$h0938
=CAT  \\$aW2003-0365$c20200305$lBLL01$h1101
=FIN  \\$aY$d20170509
=SID  \\$aZ30$bOCLC
=SRC  \\$aJapanKnowledge_2017$bJK_OCLC20170203.mrc
=LAS  \\$aW2003-0365$b00$c20200305$lBLL01$h1101

