=LDR  02186 am a22005894i 4500
=001  018338529
=003  Uk
=005  20170106043232.0
=006  m\\\\\o\\d\\\\\\\\
=007  cr\|||||||||||
=008  151113s2000\\\\ja\\\\\\o\\\\\000\0\jpn\d
=FMT  \\$a  BK
=020  \\$z456005827X
=020  \\$z9784560058275
=035  \\$a(OCoLC)929031193
=040  \\$aCNEAL$beng$cYUS$dOCLCO$dYUS$dOCLCO$dOCLCF$dUk$erda$epn
=041  1\$ajpn$hfre
=050  \4$aDR1360$b.C37165 2000
=100  1\$aCastellan, Georges,$eauthor.
=240  10$aSlov̌nie.$lJapanese
=245  10$6880-01$aSurovenia /$cJoruju Kasuteran, Antonia Berunāru cho ; Chida Zen yaku.
=264  \1$6880-02$aTokyo :$bHakusuisha,$c2000.
=300  \\$a1 online resource.
=336  \\$atext$btxt$2rdacontent
=337  \\$acomputer$bc$2rdamedia
=338  \\$aonline resource$bcr$2rdacarrier
=490  1\$6880-03$aBunko kuseju ;$v827
=500  \\$aTranslation of: La Slov̌nie.
=588  \\$aDescription based on print version.
=651  \0$aSlovenia$xHistory.
=651  \7$aSlovenia.$2fast$0(OCoLC)fst01212712
=655  \7$aHistory.$2fast$0(OCoLC)fst01411628
=700  1\$6880-04$aChida, Zen,$d1958-
=700  1\$aBernard, Antonia,$d1942-2010.
=773  0\$tJapanKnowledge
=776  08$iPrint version:$tSurovenia
=830  \0$6880-05$aBunko kuseju$v827.
=856  40$3JapanKnowledge$uhttp://japanknowledge.com/lib/display/?lid=8021008270000$yJapanKnowledge Lib
=880  10$6245-01/{dollar}1$aスロヴェニア /$cジョルジュ・カステラン, アントニア・ベルナール著 ; 千田善訳.
=880  \1$6264-02/{dollar}1$a東京 :$b白水社,$c2000.
=880  1\$6490-03/{dollar}1$a文庫クセジュ ;$v827
=880  1\$6700-04/{dollar}1$a千田, 善,$d1958-
=880  \0$6830-05/{dollar}1$a文庫クセジュ ;$v827.
=859  \\$aORR$bJapanKnowledge
=CAT  \\$aW1704-1242$b00$c20170509$lBLL01$h0927
=CAT  \\$aBATCH-UPD$b00$c20170509$lBLL01$h0938
=CAT  \\$aW2003-0365$c20200305$lBLL01$h1101
=CAT  \\$aBATCH-UPD$b00$c20200412$lBLL01$h2055
=FIN  \\$aY$d20170509
=SID  \\$aZ30$bOCLC
=SRC  \\$aJapanKnowledge_2017$bJK_OCLC20170203.mrc
=LAS  \\$aBATCH-UPD$b00$c20200412$lBLL01$h2055

