=LDR  02851 am a22006617a 4500
=001  018338530
=003  Uk
=005  20170106043232.0
=006  m\\\\\o\\d\\\\\\\\
=007  cr\unu---uuaua
=008  090131m19911992ja\\\\\\ob\\\\000\0\jpn\d
=FMT  \\$a  BK
=019  \\$a756899875
=020  \\$z4582805310$q(v. 1)
=020  \\$z9784582805314$q(v. 1)
=035  \\$a(OCoLC)300857153$z(OCoLC)756899875
=040  \\$aOCLCE$beng$cOCLCE$dOCLCQ$dCUS$dOCLCQ$dOCLCO$dOCLCF$dOCLCQ$dOCLCO$dYUS$dOCLCO$dYUS$dOCLCQ$dYUS$dOCLCO$dUk$epn
=042  \\$adlr
=043  \\$aa-ja---
=050  \4$aRS180.J3$bO58 1991
=100  1\$6880-01$aOno, Ranzan,$d1729-1810
=245  10$6880-02$aHonzō kōmoku keimō /$cOno Ranzan.
=246  3\$6880-03$aJūtei Honzō kōmoku keimō
=250  \\$6880-04$aShohan.
=260  \\$6880-05$aTōkyō :$bHeibonsha,$c1991-1992.
=300  \\$a1 online resource (4 volumes).
=336  \\$atext$btxt$2rdacontent
=337  \\$acomputer$bc$2rdamedia
=338  \\$aonline resource$bcr$2rdacarrier
=490  1\$6880-06$aTōyō bunko ;$v531, 536, 540, 552
=504  \\$aIncludes bibliographical references (v. 1, pages 42-44).
=588  0\$aPrint version record.
=650  \0$aMateria medica$zJapan.
=650  \7$aMateria medica.$2fast$0(OCoLC)fst01011707
=651  \7$aJapan.$2fast$0(OCoLC)fst01204082
=773  0\$tJapanKnowledge
=776  08$iPrint version:$aOno, Ranzan, 1729-1810.$tHonzō kōmoku keimō.$bShohan.$dTōkyō : Heibonsha, 1991-1992$z4582805310$z9784582805314
=830  \0$6880-07$aTōyō bunko$v531, 536, 540, 552.
=856  40$3JapanKnowledge Volume 1$uhttp://japanknowledge.com/lib/display/?lid=80010V0531P0002$yJapanKnowledge Lib
=856  40$3JapanKnowledge Volume 2$uhttp://japanknowledge.com/lib/display/?lid=80010V0536P0002$yJapanKnowledge Lib
=856  40$3JapanKnowledge Volume 3$uhttp://japanknowledge.com/lib/display/?lid=80010V0540P0002$yJapanKnowledge Lib
=856  40$3JapanKnowledge Volume 4$uhttp://japanknowledge.com/lib/display/?lid=80010V0552P0002$yJapanKnowledge Lib
=880  1\$6100-01/{dollar}1$a小野蘭山,$d1729-1810.
=880  10$6245-02/{dollar}1$a本草綱目啓蒙 /$c小野蘭山.
=880  3\$6246-03/{dollar}1$a重訂本草綱目啓蒙
=880  \\$6250-04/{dollar}1$a初版.
=880  \\$6260-05/{dollar}1$a東京 :$b平凡社,$c1991-1992.
=880  1\$6490-06/{dollar}1$a東洋文庫 ;$v531, 536, 540, 552
=880  \0$6830-07/{dollar}1$a東洋文庫 ;$v531, 536, 540, 552.
=859  \\$aORR$bJapanKnowledge
=CAT  \\$aW1704-1242$b00$c20170509$lBLL01$h0927
=CAT  \\$aBATCH-UPD$b00$c20170509$lBLL01$h0938
=CAT  \\$aBATCH-UPD$b00$c20170509$lBLL01$h0940
=CAT  \\$aW2003-0365$c20200305$lBLL01$h1101
=FIN  \\$aY$d20170509
=SID  \\$aZ30$bOCLC
=SRC  \\$aJapanKnowledge_2017$bJK_OCLC20170203.mrc
=LAS  \\$aW2003-0365$b00$c20200305$lBLL01$h1101

