=LDR  02489 am a22006257a 4500
=001  018338531
=003  Uk
=005  20170106043233.0
=006  m\\\\\o\\d\\\\\\\\
=007  cr\|||||||||||
=008  100418s1988\\\\ja\b\\\\o\\\\\000\0\jpn\d
=FMT  \\$a  BK
=020  \\$z4582804918
=020  \\$z9784582804911
=035  \\$a(OCoLC)607802395
=040  \\$aOCLCE$beng$cOCLCE$dOCLCQ$dCUS$dOCLCA$dOCLCQ$dOCLCF$dYUS$dOCLCO$dYUS$dOCLCO$dOCLCQ$dYUS$dOCLCO$dUk$epn
=041  1\$ajpn$hchi
=043  \\$aa-cc-ku
=050  \4$aDS793.S63$bK8 1989
=100  1\$6880-01$aGu, Lu,$dactive 19th century
=240  10$6880-02$aQing jia lu.$lJapanese
=245  10$6880-03$aSeikaroku :$bSoshū nenjū gyōjiki /$cKo Roku ; Nakamura Takashi yakuchū.
=250  \\$6880-04$aShohan.
=260  \\$6880-05$aTōkyō :$bHeibonsha,$c1988.
=300  \\$a1 online resource (ix, 308 pages) :$bmaps.
=336  \\$atext$btxt$2rdacontent
=337  \\$acomputer$bc$2rdamedia
=338  \\$aonline resource$bcr$2rdacarrier
=490  1\$6880-06$aTōyō bunko ;$v491
=588  0\$aPrint version record.
=650  \7$aManners and customs.$2fast$0(OCoLC)fst01007815
=651  \0$6880-07$aSuzhou Diqu (China)$xSocial life and customs.
=651  \7$aChina$zSuzhou Diqu.$2fast$0(OCoLC)fst01204133
=700  1\$6880-08$aNakamura, Takashi,$d1936-
=773  0\$tJapanKnowledge
=776  08$iPrint version:$aGu, Lu, 19th cent.$sQing jia lu. Japanese.$tSeikaroku.$bShohan.$dTōkyō : Heibonsha, 1988
=830  \0$6880-09$aTōyō bunko$v491.
=856  40$3JapanKnowledge$uhttp://japanknowledge.com/lib/display/?lid=80010V0491P0002$yJapanKnowledge Lib
=880  1\$6100-01/{dollar}1$a顧禄,$dactive 19th century.
=880  10$6240-02/{dollar}1$a清嘉錄.$lJapanese
=880  10$6245-03/{dollar}1$a清嘉錄 :$b蘇州年中行事記 /$c顧禄 ; 中村喬訳注.
=880  \\$6250-04/{dollar}1$a初版.
=880  \\$6260-05/{dollar}1$a東京 :$b平凡社,$c1988.
=880  1\$6490-06/{dollar}1$a東洋文庫 ;$v491
=880  \4$6651-07/{dollar}1$a蘇州地區 (China)$xSocial life and customs.
=880  1\$6700-08/{dollar}1$a中村喬,$d1936-
=880  \0$6830-09/{dollar}1$a東洋文庫 ;$v491.
=859  \\$aORR$bJapanKnowledge
=CAT  \\$aW1704-1242$b00$c20170509$lBLL01$h0927
=CAT  \\$aBATCH-UPD$b00$c20170509$lBLL01$h0938
=CAT  \\$aW2003-0365$c20200305$lBLL01$h1101
=FIN  \\$aY$d20170509
=SID  \\$aZ30$bOCLC
=SRC  \\$aJapanKnowledge_2017$bJK_OCLC20170203.mrc
=LAS  \\$aW2003-0365$b00$c20200305$lBLL01$h1101

