=LDR  02397 am a22005897i 4500
=001  018338532
=003  Uk
=005  20170106043233.0
=006  m\\\\\o\\d\\\\\\\\
=007  cr\|||||||||||
=008  100310s1974\\\\ja\ab\\\o\\\\\000\0\jpn\d
=FMT  \\$a  BK
=019  \\$a655823720$a657940322
=035  \\$a(OCoLC)550550683$z(OCoLC)655823720$z(OCoLC)657940322
=040  \\$aOCLCE$beng$cOCLCE$dOCLCQ$dCUS$dOCLCQ$dOCLCF$dOCLCO$dYUS$dOCLCO$dYUS$dOCLCO$dOCLCQ$dYUS$dOCLCO$dUk$epn
=042  \\$adlr
=050  \4$aDS881.5.K3$bA33
=084  \\$a289.1$2njb/9
=100  1\$6880-01$aKawai, Tsugunosuke,$d1827-1868
=245  10$6880-02$aChiritsubo :$bKawai Tsugunosuke nikki /$cAndō Hideo kōchū.
=250  \\$6880-03$aShohan.
=260  \\$6880-04$aTōkyō :$bHeibonsha,$cShōwa 49 [1974]
=300  \\$a1 online resource (vi, 335 pages) :$billustrations, maps.
=336  \\$atext$btxt$2rdacontent
=337  \\$acomputer$bc$2rdamedia
=338  \\$aonline resource$bcr$2rdacarrier
=490  1\$6880-05$aTōyō bunko ;$v257
=588  0\$aPrint version record.
=600  10$6880-06$aKawai, Tsugunosuke,$d1827-1868
=600  17$aKawai, Tsugunosuke,$d1827-1868$2fast$0(OCoLC)fst00080442
=700  1\$6880-07,$aAndō, Hideo,$d1927-$eeditor.
=773  0\$tJapanKnowledge
=776  08$iPrint version:$aKawai, Tsugunosuke, 1827-1868.$tChiritsubo.$dTōkyō : Heibonsha, Shōwa 49 [1974]
=830  \0$6880-08$aTōyō bunko$v257.
=856  40$3JapanKnowledge$uhttp://japanknowledge.com/lib/display/?lid=80010V0257P0002$yJapanKnowledge Lib
=880  1\$6100-01/{dollar}1$a安藤英男,$d1827-1868.
=880  10$6245-02/{dollar}1$a塵壼 :$b河井継之助日記 /$c安藤英男校註.
=880  \\$6250-03/{dollar}1$a初版.
=880  \\$6260-04/{dollar}1$a東京 :$b平凡社,$c昭和49 [1974]
=880  1\$6490-05/{dollar}1$a東洋文庫 ;$v257
=880  14$6600-06/{dollar}1$a河井継之助,$d1827-1868.
=880  1\$6700-07/{dollar}1$a安藤秀男,$d1927-$eeditor.
=880  \0$6830-08/{dollar}1$a東洋文庫 ;$v257.
=859  \\$aORR$bJapanKnowledge
=CAT  \\$aW1704-1242$b00$c20170509$lBLL01$h0927
=CAT  \\$aBATCH-UPD$b00$c20170509$lBLL01$h0938
=CAT  \\$aBATCH-UPD$b00$c20170509$lBLL01$h0940
=CAT  \\$aW2003-0365$c20200305$lBLL01$h1101
=FIN  \\$aY$d20170509
=SID  \\$aZ30$bOCLC
=SRC  \\$aJapanKnowledge_2017$bJK_OCLC20170203.mrc
=LAS  \\$aW2003-0365$b00$c20200305$lBLL01$h1101

