=LDR  02104 am a22005774i 4500
=001  018338533
=003  Uk
=005  20170106043234.0
=006  m\\\\\o\\d\\\\\\\\
=007  cr\|||||||||||
=008  151113s2001\\\\ja\\\\\\o\\\\\000\0\jpn\d
=FMT  \\$a  BK
=020  \\$z4560058423
=020  \\$z9784560058428
=035  \\$a(OCoLC)929031274
=040  \\$aCNEAL$beng$cYUS$dOCLCO$dYUS$dOCLCO$dOCLCF$dUk$erda$epn
=041  1\$ajpn$hfre
=050  \4$aDT469.C7$bC461652001
=100  1\$aChagnoux, Hervé,$eauthor.
=240  10$aComores.$lJapanese
=245  10$6880-01$aKomoro Shotō /$cEruve Shanyū, Ari Haribu cho ; Hanabuchi Keiya yaku.
=264  \1$6880-02$aTōkyō :$bHakusuisha,$c2001.
=300  \\$a1 online resource.
=336  \\$atext$btxt$2rdacontent
=337  \\$acomputer$bc$2rdamedia
=338  \\$aonline resource$bcr$2rdacarrier
=490  1\$6880-03$aBunko kuseju ;$v842
=500  \\$aTranslation of: Les Comores.
=588  \\$aDescription based on print version.
=651  \0$aComoros.
=651  \7$aComoros.$2fast$0(OCoLC)fst01208084
=700  1\$6880-04$aHanabuchi, Keiya,$d1967-
=700  1\$aHaribou, Ali.
=773  0\$tJapanKnowledge
=776  08$iPrint version:$tKomoro Shotō
=830  \0$6880-05$aBunko kuseju$v842.
=856  40$3JapanKnowledge$uhttp://japanknowledge.com/lib/display/?lid=8021008420000$yJapanKnowledge Lib
=880  10$6245-01/{dollar}1$aコモロ諸島 /$cエルヴェ・シャニュー, アリ・ハリブ著 ; 花渕馨也訳.
=880  \1$6264-02/{dollar}1$a東京 :$b白水社,$c2001.
=880  1\$6490-03/{dollar}1$a文庫クセジュ ;$v842
=880  1\$6700-04/{dollar}1$a花渕馨也,$d1967-
=880  \0$6830-05/{dollar}1$a文庫クセジュ ;$v842.
=859  \\$aORR$bJapanKnowledge
=CAT  \\$aW1704-1242$b00$c20170509$lBLL01$h0927
=CAT  \\$aBATCH-UPD$b00$c20170509$lBLL01$h0938
=CAT  \\$aBATCH-UPD$b00$c20170509$lBLL01$h0940
=CAT  \\$aW2003-0365$c20200305$lBLL01$h1101
=FIN  \\$aY$d20170509
=SID  \\$aZ30$bOCLC
=SRC  \\$aJapanKnowledge_2017$bJK_OCLC20170203.mrc
=LAS  \\$aW2003-0365$b00$c20200305$lBLL01$h1101

