=LDR  02458 am a22006497a 4500
=001  018338534
=003  Uk
=005  20170106043234.0
=006  m\\\\\o\\d\\\\\\\\
=007  cr\|||||||||||
=008  100626s1989\\\\ja\af\\\o\\\\\000\0\jpn\d
=FMT  \\$a  BK
=020  \\$z4582804969
=020  \\$z9784582804966
=035  \\$a(OCoLC)643919036
=040  \\$aOCLCE$beng$cOCLCE$dCUS$dOCLCQ$dOCLCF$dYUS$dOCLCO$dYUS$dOCLCO$dOCL$dOCLCQ$dOCLCO$dYUS$dOCLCO$dUk$epn
=042  \\$adlr
=043  \\$aa-ja---
=050  \4$aDS871$b.I35 1989
=100  1\$6880-01$aIchioka, Masakazu.
=245  10$6880-02$aTokugawa seiseiroku /$cIchioka Masakazu.
=250  \\$6880-03$aShohan.
=260  \\$6880-04$aTōkyō :$bHeibonsha,$c1989.
=300  \\$a1 online resource (326 pages, [2] pages of plates) :$billustrations (some color).
=336  \\$atext$btxt$2rdacontent
=337  \\$acomputer$bc$2rdamedia
=338  \\$aonline resource$bcr$2rdacarrier
=490  1\$6880-05$aTōyō bunko ;$v496
=588  0\$aPrint version record.
=648  \7$a1600-1868$2fast
=650  \0$aRites and ceremonies$zJapan.
=650  \0$aShoguns.
=650  \7$aCourts and courtiers.$2fast$0(OCoLC)fst00881829
=650  \7$aManners and customs.$2fast$0(OCoLC)fst01007815
=650  \7$aRites and ceremonies.$2fast$0(OCoLC)fst01098216
=650  \7$aShoguns.$2fast$0(OCoLC)fst01116798
=651  \0$aJapan$xCourt and courtiers.
=651  \0$aJapan$xSocial life and customs$y1600-1868.
=651  \7$aJapan.$2fast$0(OCoLC)fst01204082
=773  0\$tJapanKnowledge
=776  08$iPrint version:$aIchioka, Masakazu.$tTokugawa seiseiroku.$bShohan.$dTōkyō : Heibonsha, 1989$z4582804969
=830  \0$6880-06$aTōyō bunko$v496.
=856  40$3JapanKnowledge$uhttp://japanknowledge.com/lib/display/?lid=80010V0496P0003$yJapanKnowledge Lib
=880  1\$6100-01/{dollar}1$a市岡正一.
=880  10$6245-02/{dollar}1$a徳川盛世錄 /$c市岡正一.
=880  \\$6250-03/{dollar}1$a初版.
=880  \\$6260-04/{dollar}1$a東京 :$b平凡社,$c1989.
=880  1\$6490-05/{dollar}1$a東洋文庫 ;$v496
=880  \0$6830-06/{dollar}1$a東洋文庫 ;$v496.
=859  \\$aORR$bJapanKnowledge
=CAT  \\$aW1704-1242$b00$c20170509$lBLL01$h0927
=CAT  \\$aBATCH-UPD$b00$c20170509$lBLL01$h0938
=CAT  \\$aW2003-0365$c20200305$lBLL01$h1101
=FIN  \\$aY$d20170509
=SID  \\$aZ30$bOCLC
=SRC  \\$aJapanKnowledge_2017$bJK_OCLC20170203.mrc
=LAS  \\$aW2003-0365$b00$c20200305$lBLL01$h1101

