=LDR  03434 am a22007217i 4500
=001  018338535
=003  Uk
=005  20170106043234.0
=006  m\\\\\o\\d\\\\\\\\
=007  cr\|||||||||||
=008  110204m19651968ja\ab\\\ob\\\\000\0\jpn\d
=FMT  \\$a  BK
=035  \\$a(OCoLC)700632161
=040  \\$aOCLCE$beng$cOCLCE$dCUS$dOCLCQ$dOCLCF$dYUS$dOCLCO$dOCLCQ$dOCLCO$dYUS$dOCLCO$dOCLCQ$dYUS$dOCLCO$dUk$epn
=042  \\$adlr
=043  \\$aa-ja---
=050  \4$aDS895.T58$bS82 <Asian Japan>
=100  1\$6880-01$aSugae, Masumi,$d1754-1829
=245  10$6880-02$aSugae Masumi yūranki /$cUchida Takeshi, Miyamoto Tsuneichi hen'yaku.
=250  \\$6880-03$aShohan.
=260  \\$6880-04$aTōkyō :$bHeibonsha,$cShōwa 40-43 [1965-1968]
=300  \\$a1 online resource (5 volumes) :$billustrations, maps.
=336  \\$atext$btxt$2rdacontent
=337  \\$acomputer$bc$2rdamedia
=338  \\$aonline resource$bcr$2rdacarrier
=490  1\$6880-05$aTōyō bunko ;$v54, 68, 82, 99, 119
=504  \\$6880-06$aSugae Masumi chosho mokuroku: v. 5, pages 265-309.
=588  0\$aPrint version record.
=600  10$6880-07$aSugae, Masumi,$d1754-1829
=600  17$aSugae, Masumi,$d1754-1829$2fast$0(OCoLC)fst00070939
=650  \7$aManners and customs.$2fast$0(OCoLC)fst01007815
=650  \7$aTravel.$2fast$0(OCoLC)fst01155558
=651  \0$aTōhoku Region (Japan)$xDescription and travel.
=651  \0$aTōhoku Region (Japan)$xSocial life and customs.
=651  \7$aJapan$zTōhoku Region.$2fast$0(OCoLC)fst01240193
=700  1\$6880-08,$aUchida, Takeshi,$d1909-1980$eeditor.
=700  1\$6880-09,$aMiyamoto, Tsuneichi,$d1907-1981$eeditor.
=773  0\$tJapanKnowledge
=776  08$iPrint version:$aSugae, Masumi, 1754-1829.$tSugae Masumi yūranki.$bShohan.$dTōkyō : Heibonsha, Shōwa 40-43 [1965-1968]
=830  \0$6880-10$aTōyō bunko$v54, etc.
=856  40$3JapanKnowledge Volume 1$uhttp://japanknowledge.com/lib/display/?lid=80010V0054P0002$yJapanKnowledge Lib
=856  40$3JapanKnowledge Volume 2$uhttp://japanknowledge.com/lib/display/?lid=80010V0068P0002$yJapanKnowledge Lib
=856  40$3JapanKnowledge Volume 3$uhttp://japanknowledge.com/lib/display/?lid=80010V0082P0002$yJapanKnowledge Lib
=856  40$3JapanKnowledge Volume 4$uhttp://japanknowledge.com/lib/display/?lid=80010V0099P0002$yJapanKnowledge Lib
=856  40$3JapanKnowledge Volume 5$uhttp://japanknowledge.com/lib/display/?lid=80010V0119P0002$yJapanKnowledge Lib
=880  1\$6100-01/{dollar}1$a菅江真澄,$d1754-1829.
=880  10$6245-02/{dollar}1$a菅江真澄遊覧記 /$c内田武志, 宮本常一編訳.
=880  \\$6250-03/{dollar}1$a初版.
=880  \\$6260-04/{dollar}1$a東京 :$b平凡社,$c昭和40-43 [1965-1968]
=880  1\$6490-05/{dollar}1$a東洋文庫 ;$v54, 68, 82, 99, 119
=880  \\$6504-06/{dollar}1$a菅江真澄著書目錄: v. 5, pages 265-309.
=880  14$6600-07/{dollar}1$a菅江真澄,$d1754-1829.
=880  1\$6700-08/{dollar}1$a内田武志,$d1909-1980,$eeditor.
=880  1\$6700-09/{dollar}1$a宮本常一,$d1907-1981,$eeditor.
=880  \0$6830-10/{dollar}1$a東洋文庫 ;$v54, etc.
=859  \\$aORR$bJapanKnowledge
=CAT  \\$aW1704-1242$b00$c20170509$lBLL01$h0927
=CAT  \\$aBATCH-UPD$b00$c20170509$lBLL01$h0938
=CAT  \\$aW2003-0365$c20200305$lBLL01$h1101
=FIN  \\$aY$d20170509
=SID  \\$aZ30$bOCLC
=SRC  \\$aJapanKnowledge_2017$bJK_OCLC20170203.mrc
=LAS  \\$aW2003-0365$b00$c20200305$lBLL01$h1101

