=LDR  02045 am a22005414i 4500
=001  018338536
=003  Uk
=005  20170106043235.0
=006  m\\\\\o\\d\\\\\\\\
=007  cr\|||||||||||
=008  151113s2007\\\\ja\\\\\\o\\\\\000\0\jpn\d
=FMT  \\$a  BK
=020  \\$z4560509107
=020  \\$z9784560509104
=035  \\$a(OCoLC)929031273
=040  \\$aCNEAL$beng$cYUS$dOCLCO$dYUS$dOCLCO$dOCLCF$dUk$erda$epn
=041  1\$ajpn$hfre
=050  \4$aBL60$b.W536165 2007
=100  1\$aWillaime, Jean-Paul,$eauthor.
=245  10$6880-01$aShūkyō shakaigaku nyūmon /$cJan-Pōru Virēmu cho ; Hayashi Shin'ichirō yaku.
=264  \1$6880-02$aTōkyō :$bHakusuisha,$c2007.
=300  \\$a1 online resource.
=336  \\$atext$btxt$2rdacontent
=337  \\$acomputer$bc$2rdamedia
=338  \\$aonline resource$bcr$2rdacarrier
=490  1\$6880-03$aBunko kuseju ;$v910
=588  \\$aDescription based on print version.
=650  \0$aReligion and sociology.
=650  \7$aReligion and sociology.$2fast$0(OCoLC)fst01093858
=700  1\$6880-04$aHayashi, Shin'ichirō,$d1961-
=730  0\$aSociologie des religions.
=773  0\$tJapanKnowledge
=776  08$iPrint version:$tShūkyō shakaigaku nyūmon.
=830  \0$6880-05$aBunko kuseju$v910.
=856  40$3JapanKnowledge$uhttp://japanknowledge.com/lib/display/?lid=8021009100000$yJapanKnowledge Lib
=880  10$6245-01/{dollar}1$a宗敎社会学入門 /$cジャン-ポール・ヴィレーム著 ; 林伸一郎訳.
=880  \1$6264-02/{dollar}1$a東京 :$b白水社,$c2007.
=880  1\$6490-03/{dollar}1$a文庫クセジュ ;$v910
=880  1\$6700-04/{dollar}1$a林伸一郎,$d1961-
=880  \0$6830-05/{dollar}1$a文庫クセジュ ;$v910.
=859  \\$aORR$bJapanKnowledge
=CAT  \\$aW1704-1242$b00$c20170509$lBLL01$h0927
=CAT  \\$aBATCH-UPD$b00$c20170509$lBLL01$h0938
=CAT  \\$aW2003-0365$c20200305$lBLL01$h1101
=FIN  \\$aY$d20170509
=SID  \\$aZ30$bOCLC
=SRC  \\$aJapanKnowledge_2017$bJK_OCLC20170203.mrc
=LAS  \\$aW2003-0365$b00$c20200305$lBLL01$h1101

