=LDR  02701 am a22006377i 4500
=001  018338537
=003  Uk
=005  20180319113659.0
=006  m\\\\\o\\d\\\\\\\\
=007  cr\|||||||||||
=008  100420s1978\\\\ja\a\\\\ob\\\\001\0\jpn\d
=FMT  \\$a  BK
=019  \\$a300505664
=035  \\$a(OCoLC)608381060$z(OCoLC)300505664
=040  \\$aOCLCE$beng$cOCLCE$dOCLCQ$dCUS$dOCLCQ$dYUS$dOCLCO$dYUS$dOCLCO$dOCLCQ$dYUS$dOCLCO$dUk$epn
=042  \\$adlr
=043  \\$aa-ja---
=050  \4$aDS809$b.O9616 <Asian Japan>
=100  1\$aOvermeer Fisscher, J. F. van,$d1800-1848.
=240  10$aBijdrage tot de kennis van het Japansche rijk.$lJapanese
=245  10$6880-01$aNihon fūzoku bikō /$cFisseru ; Shōji Mitsuo, Numata Jirō yakuchū.
=250  \\$6880-02$aShohan.
=260  \\$6880-03$aTōkyō :$bHeibonsha,$c1978.
=300  \\$a1 online resource (2 volumes) :$billustrations.
=336  \\$atext$btxt$2rdacontent
=337  \\$acomputer$bc$2rdamedia
=338  \\$aonline resource$bcr$2rdacarrier
=490  1\$6880-04$aTōyō bunko ;$v326, etc.
=504  \\$aIncludes bibliographical references and index.
=588  0\$aPrint version record.
=600  10$aOvermeer Fisscher, J. F. van,$d1800-1848.
=651  \0$aJapan$xDescription and travel.
=700  1\$6880-05$aShōji, Mitsuo,$d1917-
=700  1\$6880-06$aNumata, Jirō,$d1912-1994
=773  0\$tJapanKnowledge
=776  08$iPrint version:$aOvermeer Fisscher, J.F. van.$sBijdrage tot de kennis van het Japansche rijk. Japanese.$tNihon fūzoku bikō.$dTōkyō : Heibonsha, 1978
=830  \0$6880-07$aTōyō bunko$v326, etc.
=856  40$3JapanKnowledge Volume 1$uhttp://japanknowledge.com/lib/display/?lid=80010V0326P0002$yJapanKnowledge Lib
=856  40$3JapanKnowledge Volume 2$uhttp://japanknowledge.com/lib/display/?lid=80010V0341P0002$yJapanKnowledge Lib
=880  10$6245-01/{dollar}1$a日本風俗備考 /$cフィッセル ; 庄司三男, 沼田次郎訳注.
=880  \\$6250-02/{dollar}1$a初版.
=880  \\$6260-03/{dollar}1$a東京 :$b平凡社,$c1978.
=880  1\$6490-04/{dollar}1$a東洋文庫 ;$v326, etc.
=880  1\$6700-05/{dollar}1$a庄司三男,$d1917-
=880  1\$6700-06/{dollar}1$a沼田次郎,$d1912-
=880  \0$6830-07/{dollar}1$a東洋文庫 ;$v326, etc.
=859  \\$aORR$bJapanKnowledge
=CAT  \\$aW1704-1242$b00$c20170509$lBLL01$h0927
=CAT  \\$aBATCH-UPD$b00$c20170509$lBLL01$h0938
=CAT  \\$aBATCH-UPD$b00$c20170509$lBLL01$h0940
=CAT  \\$a9572$b40$c20180319$lBLL01$h1136
=CAT  \\$aW2003-0365$c20200305$lBLL01$h1101
=FIN  \\$aY$d20170509
=SID  \\$aZ30$bOCLC
=SRC  \\$aJapanKnowledge_2017$bJK_OCLC20170203.mrc
=LAS  \\$aW2003-0365$b00$c20200305$lBLL01$h1101

