=LDR  02790 am a22006614i 4500
=001  018338538
=003  Uk
=005  20170106043235.0
=006  m\\\\\o\\d\\\\\\\\
=007  cr\|||||||||||
=008  160115s2000\\\\ja\\\\\\ob\\\\000\0\jpn\d
=FMT  \\$a  BK
=020  \\$z4560058288
=020  \\$z9784560058282
=035  \\$a(OCoLC)934799033
=040  \\$aSTF$beng$cYUS$dOCLCO$dYUS$dOCLCO$dOCLCF$dUk$erda$epn
=041  1\$ajpn$hfre
=050  \4$aDR1510$b.C37163 2000
=100  1\$aCastellan, Georges,$eauthor.
=240  10$aCroatie.$lJapanese
=245  10$6880-01$aKuroachia /$cJoruju Kasuteran, Gaburiera Vidan cho ; Chida Zen, Yuguchi Kiyotaka yaku.
=264  \1$6880-02$aTōkyō :$bHakusuisha,$c2000.
=300  \\$a1 online resource.
=336  \\$atext$btxt$2rdacontent
=337  \\$acomputer$bc$2rdamedia
=338  \\$aonline resource$bcr$2rdacarrier
=490  1\$6880-03$aBunko kuseju ;$v828
=500  \\$aTranslation of: La Croatie. Paris : Presses universitaires de France, 1998.
=504  \\$aIncludes bibliographical references.
=588  \\$aDescription based on print version record.
=651  \0$aCroatia$xHistory.
=651  \7$6880-04$aKuroachia$xRekishi.$2jlabsh
=651  \7$aCroatia.$2fast$0(OCoLC)fst01212674
=655  \7$aHistory.$2fast$0(OCoLC)fst01411628
=700  1\$aVidan, Gabrijela,$eauthor.
=700  1\$6880-05$aChida, Zen,$d1958-$etranslator.
=700  1\$6880-06$aYuguchi, Kiyotaka,$d1972-$etranslator.
=730  0\$aCroatie.
=773  0\$tJapanKnowledge
=776  08$6880-07$iPrint version:$aCastellan, Georges.$sLa Croatie. Japanese$tKuroachia.$dtōkyō : Hakusuisha, 2000$h173,1 pages ; 18 cm
=830  \0$6880-08$aBunko kuseju$v828.
=856  40$3JapanKnowledge$uhttp://japanknowledge.com/lib/display/?lid=8021008280000$yJapanKnowledge Lib
=880  10$6245-01$aクロアチア /$cジョルジュ・カステラン, ガブリエラ・ヴィダン著 ; 千田善, 湧口清隆訳.
=880  \1$6264-02$a東京 :$b白水社,$c2000.
=880  1\$6490-03$a文庫クセジュ ;$v828
=880  \7$6651-04$aクロアチア$x歴史.$2jlabsh
=880  1\$6700-05$a千田善,$d1958-$etranslator.
=880  1\$6700-06$a湧口清隆,$d1972-$etranslator.
=880  08$6776-07$iPrint version:$aCastellan, Georges.$sLa Croatie. Japanese$tクロアチア.$d東京 : 白水社, 2000$h173, 1 pages ; 18 cm$w(OCoLC)54567184
=880  \0$6830-08$a文庫クセジュ ;$v828.
=859  \\$aORR$bJapanKnowledge
=CAT  \\$aW1704-1242$b00$c20170509$lBLL01$h0927
=CAT  \\$aBATCH-UPD$b00$c20170509$lBLL01$h0938
=CAT  \\$aW2003-0365$c20200305$lBLL01$h1101
=FIN  \\$aY$d20170509
=SID  \\$aZ30$bOCLC
=SRC  \\$aJapanKnowledge_2017$bJK_OCLC20170203.mrc
=LAS  \\$aW2003-0365$b00$c20200305$lBLL01$h1101

