=LDR  02639 am a22006014i 4500
=001  018338539
=003  Uk
=005  20170106043236.0
=006  m\\\\\o\\d\\\\\\\\
=007  cr\|||||||||||
=008  151113s1964\\\\ja\\\\\\ob\\\\001\0\jpn\d
=FMT  \\$a  BK
=020  \\$z4560053626
=020  \\$z9784560053621
=035  \\$a(OCoLC)929028998
=040  \\$aSTF$beng$cYUS$dOCLCO$dYUS$dOCLCO$dOCLCF$dUk$erda$epn
=041  1\$ajpn$hfre
=050  \4$aB720$b.J32163 1964
=100  1\$aJeauneau, Édouard,$d1924-$eauthor.
=240  10$aPhilosophie médiévale.$lJapanese
=245  10$6880-01$aYōroppa chūsei no tetsugaku /$cEdowāru Jonō cho ; Ninomiya Takashi yaku.
=264  \1$6880-02$aTōkyō :$bHakusuisha,$c1964.
=300  \\$a1 online resource (136, 6 pages).
=336  \\$atext$btxt$2rdacontent
=337  \\$acomputer$bc$2rdamedia
=338  \\$aonline resource$bcr$2rdacarrier
=490  1\$6880-03$aBunko kuseju ;$v362
=500  \\$aTranslation of: La philosophie médiévale. Paris : Presses universitaires de France, 1963.
=504  \\$aIncludes bibliographical references and index.
=588  \\$aDescription based on print version record.
=650  \0$aPhilosophy, Medieval.
=650  \7$aPhilosophy, Medieval.$2fast$0(OCoLC)fst01061057
=700  1\$6880-04,$aNinomiya, Takashi,$d1928-$etranslator.
=773  0\$tJapanKnowledge
=776  08$6880-05$iPrint version:$aJeauneau, Édouard, 1924-$sPhilosophie médiévale. Japanese.$tYōroppa chūsei no tetsugaku.$dTōkyō : Hakusuisha, 1964
=830  \0$6880-06$aBunko kuseju$v362.
=856  40$3JapanKnowledge$uhttp://japanknowledge.com/lib/display/?lid=8021003620000$yJapanKnowledge Lib
=880  10$6245-01$aヨーロッパ中世の哲学 /$cエドワール・ジョノー著 ; 二宮敬訳.
=880  \1$6264-02$a東京 :$b白水社,$c1964.
=880  1\$6490-03$a文庫クセジュ ;$v362
=880  1\$6700-04$a二宮敬,$d1928-$etranslator.
=880  08$6776-05$iPrint version:$aJeauneau, Édouard, 1924-$sPhilosophie médiévale. Japanese.$tヨーロッパ中世の哲学.$d東京 : 白水社, 1964$w(OCoLC)33847531
=880  \0$6830-06$a文庫クセジュ ;$v362.
=859  \\$aORR$bJapanKnowledge
=CAT  \\$aW1704-1242$b00$c20170509$lBLL01$h0927
=CAT  \\$aBATCH-UPD$b00$c20170509$lBLL01$h0938
=CAT  \\$aBATCH-UPD$b00$c20170509$lBLL01$h0940
=CAT  \\$aBATCH-UPD$b00$c20180810$lBLL01$h0808
=CAT  \\$aW2003-0365$c20200305$lBLL01$h1101
=FIN  \\$aY$d20170509
=SID  \\$aZ30$bOCLC
=SRC  \\$aJapanKnowledge_2017$bJK_OCLC20170203.mrc
=LAS  \\$aW2003-0365$b00$c20200305$lBLL01$h1101

