=LDR  03058 am a22007454i 4500
=001  018338540
=003  Uk
=005  20170106043236.0
=006  m\\\\\o\\d\\\\\\\\
=007  cr\|||||||||||
=008  151112s1997\\\\ja\ab\\\ob\\\\000\0\jpn\d
=FMT  \\$a  BK
=019  \\$a754705030
=020  \\$z409658018X
=020  \\$z9784096580189
=035  \\$a(OCoLC)928950587$z(OCoLC)754705030
=040  \\$aYUS$beng$cYUS$dOCLCO$dOCLCE$dOCLCF$dYUS$dOCLCO$dOCL$dYUS$dOCLCO$dUk$erda$epn
=050  \4$aPL788.6$b.M3 1997
=084  \\$a918$2njb
=084  \\$a914.3$2njb
=084  \\$a918$2njb/9
=100  0\$6880-01,$aSei Shōnagon,$dapproximately 967-$eauthor.
=245  10$6880-02$aMakura no sōshi /$ckōchū, yaku Matsuo Satoshi, Nagai Kazuko.
=264  \1$6880-03$aTōkyō :$bShōgakkan,$c1997.
=300  \\$a1 online resource.
=336  \\$atext$btxt$2rdacontent
=337  \\$acomputer$bc$2rdamedia
=338  \\$aonline resource$bcr$2rdacarrier
=490  1\$6880-04$aShinpen Nihon koten bungaku zenshū ;$v18
=504  \\$6880-05$aIncludes bibliographical references (pages 510-515).
=588  \\$aDescription based on print version.
=600  00$6880-06.$aSei Shōnagon,$dapproximately 967-$tMakura no sōshi.
=630  07$aMakura no sōshi (Sei Shōnagon)$2fast$0(OCoLC)fst01362622
=650  \0$aJapanese literature$yHeian period, 794-1185$xWomen authors.
=650  \7$aJapanese literature$xHeian period$xWomen authors.$2fast$0(OCoLC)fst01711478
=653  \\$aJapanese essays.
=700  1\$6880-07$aMatsuo, Satoshi,$d1907-1997
=700  1\$6880-08$aNagai, Kazuko,$d1934-
=773  0\$tJapanKnowledge
=776  08$iPrint version:$tMakura no sōshi
=830  \0$6880-09$aShinpen Nihon koten bungaku zenshū$v18.
=856  40$3JapanKnowledge$uhttp://japanknowledge.com/lib/display/?lid=80110V00180023$yJapanKnowledge Lib
=880  0\$6100-01/{dollar}1$a清少納言,$dapproximately 967-$eauthor
=880  10$6245-02/{dollar}1$a枕草子 /$c校注・訳松尾聰, 永井和子.
=880  \1$6264-03/{dollar}1$a東京 :$b小学館,$c1997.
=880  \\$6250-00/{dollar}1$a第1版.
=880  \\$6260-00/{dollar}1$a東京 :$b小学館,$c1997.
=880  1\$6490-04/{dollar}1$a新編日本古典文学全集 ;$v18
=880  \\$6504-05/{dollar}1$a参考文献: p510-515.
=880  \\$6500-00/{dollar}1$a著者:淸少納言.
=880  0\$6505-00/{dollar}1$a枕草子年表:p520-531.
=880  04$6600-06/{dollar}1$a清少納言,$dapproximately 967-$t枕草子.
=880  1\$6700-07/{dollar}1$a松尾聰,$d1907-1997.
=880  1\$6700-08/{dollar}1$a永井和子,$d1934-
=880  \0$6830-09/{dollar}1$a新編日本古典文学全集 ;$v18.
=859  \\$aORR$bJapanKnowledge
=CAT  \\$aW1704-1242$b00$c20170509$lBLL01$h0927
=CAT  \\$aBATCH-UPD$b00$c20170509$lBLL01$h0938
=CAT  \\$aBATCH-UPD$b00$c20170509$lBLL01$h0940
=CAT  \\$aW2003-0365$c20200305$lBLL01$h1101
=CAT  \\$aBATCH-UPD$b00$c20200918$lBLL01$h2045
=FIN  \\$aY$d20170509
=SID  \\$aZ30$bOCLC
=SRC  \\$aJapanKnowledge_2017$bJK_OCLC20170203.mrc
=LAS  \\$aBATCH-UPD$b00$c20200918$lBLL01$h2045

