=LDR  02908 am a22007217a 4500
=001  018338541
=003  Uk
=005  20170106043236.0
=006  m\\\\\o\\d\\\\\\\\
=007  cr\un|||||||||
=008  120403m19999999ja\a\\\\ob\\\\000\0bjpn\d
=FMT  \\$a  BK
=020  \\$z4582806643$q(v. 1)
=020  \\$z9784582806649$q(v. 1)
=035  \\$a(OCoLC)783294216
=040  \\$aCUS$beng$cCUS$dOCLCQ$dOCLCF$dOCLCO$dYUS$dOCLCO$dOCLCQ$dYUS$dOCLCO$dOCLCQ$dYUS$dOCLCO$dUk
=043  \\$aa-ja---
=100  0\$6880-01$aEison,$d1201-1290
=245  10$6880-02$aKanjin gakushōki /$cEison ; Hosokawa Ryōichi yakuchū.
=250  \\$6880-03$aShohan.
=260  \\$6880-04$aTōkyō :$bHeibonsha,$c1999-
=300  \\$a1 online resource (volumes) :$billustrations.
=336  \\$atext$btxt$2rdacontent
=337  \\$acomputer$bc$2rdamedia
=338  \\$aonline resource$bcr$2rdacarrier
=490  1\$6880-05$aTōyō bunko ;$v664
=504  \\$aIncludes bibliographical references.
=505  1\$6880-06$a1. Saidaiji Eison no jiden.
=588  0\$aPrint version record.
=600  00$6880-07$aEison,$d1201-1290
=600  07$aEison,$d1201-1290$2fast$0(OCoLC)fst00023482
=610  20$6880-08$aSaidaiji (Nara-shi, Japan)$xHistory$vSources.
=610  27$aSaidaiji (Nara-shi, Japan)$2fast$0(OCoLC)fst00585160
=650  \0$aBuddhist priests$zJapan$vBiography.
=650  \7$aBuddhist priests.$2fast$0(OCoLC)fst01727629
=651  \7$aJapan.$2fast$0(OCoLC)fst01204082
=655  \7$aBiography.$2fast$0(OCoLC)fst01423686
=655  \7$aHistory.$2fast$0(OCoLC)fst01411628
=655  \7$aSources.$2fast$0(OCoLC)fst01423900
=700  1\$6880-09$aHosokawa, Ryōichi,$d1955-
=773  0\$tJapanKnowledge
=776  08$iPrint version:$aEison, 1201-1290.$tKanjin gakushōki.$bShohan.$dTōkyō : Heibonsha, 1999-$z4582806643
=830  \0$6880-10$aTōyō bunko$v664.
=856  40$3JapanKnowledge$uhttp://japanknowledge.com/lib/display/?lid=80010V0664P0002$yJapanKnowledge Lib
=880  0\$6100-01/{dollar}1$a叡尊,$d1201-1290.
=880  10$6245-02/{dollar}1$a感身学正記 /$c叡尊 ; 細川涼一訳注.
=880  \\$6250-03/{dollar}1$a初版.
=880  \\$6260-04/{dollar}1$a東京 :$b平凡社,$c1999-
=880  1\$6490-05/{dollar}1$a東洋文庫 ;$v664
=880  1\$6505-06/{dollar}1$a1. 西大寺叡尊の自伝.
=880  04$6600-07/{dollar}1$a叡尊,$d1201-1290.
=880  24$6610-08/{dollar}1$a西大寺 (Nara-shi, Japan)$xHistory$vSources.
=880  1\$6700-09/{dollar}1$a細川涼一,$d1955-
=880  \0$6830-10/{dollar}1$a東洋文庫 ;$v664.
=859  \\$aORR$bJapanKnowledge
=CAT  \\$aW1704-1242$b00$c20170509$lBLL01$h0927
=CAT  \\$aBATCH-UPD$b00$c20170509$lBLL01$h0938
=CAT  \\$aBATCH-UPD$b00$c20170509$lBLL01$h0940
=CAT  \\$aW2003-0365$c20200305$lBLL01$h1101
=FIN  \\$aY$d20170509
=SID  \\$aZ30$bOCLC
=SRC  \\$aJapanKnowledge_2017$bJK_OCLC20170203.mrc
=LAS  \\$aW2003-0365$b00$c20200305$lBLL01$h1101

