=LDR  02604 am a22006497a 4500
=001  018338542
=003  Uk
=005  20170106043237.0
=006  m\\\\\o\\d\\\\\\\\
=007  cr\|||||||||||
=008  111005s1995\\\\ja\\\\\\ob\\\\000\0\jpn\d
=FMT  \\$a  BK
=019  \\$a646334542
=020  \\$z4582805949
=020  \\$z9784582805949
=035  \\$a(OCoLC)755946176$z(OCoLC)646334542
=040  \\$aOCLCE$beng$cOCLCE$dCUS$dOCLCQ$dOCLCO$dOCLCQ$dOCLCF$dOCLCO$dYUS$dOCLCO$dYUS$dOCLCO$dOCLCQ$dYUS$dOCLCO$dUk$epn
=042  \\$adlr
=043  \\$aa-cc---
=050  \4$aGT2853.C6$bC54 1995
=100  1\$6880-01$aNakamura, Takashi,$d1936-
=245  10$6880-02$aChūgoku no shokufu /$cNakamura Takashi hen'yaku.
=250  \\$6880-03$aShohan.
=260  \\$6880-04$aTōkyō :$bHeibonsha,$c1995.
=300  \\$a1 online resource (400 pages).
=336  \\$atext$btxt$2rdacontent
=337  \\$acomputer$bc$2rdamedia
=338  \\$aonline resource$bcr$2rdacarrier
=490  1\$6880-05$aTōyō bunko ;$v594
=504  \\$aIncludes bibliographical references.
=505  0\$6880-06$aSanka seikyō / Rinkō -- Kyoka hitsuyō jirui zenshū inshokurui / Ketsumei -- Furoku Chūkiroku / Hokō Go-shi.
=588  0\$aPrint version record.
=650  \0$aCooking, Chinese.
=650  \0$aFood habits$zChina.
=650  \7$aCooking, Chinese.$2fast$0(OCoLC)fst01753278
=650  \7$aFood habits.$2fast$0(OCoLC)fst00930807
=651  \7$aChina.$2fast$0(OCoLC)fst01206073
=773  0\$tJapanKnowledge
=776  08$iPrint version:$aNakamura, Takashi, 1936-$tChūgoku no shokufu.$bShohan.$dTōkyō : Heibonsha, 1995$z4582805949
=830  \0$6880-07$aTōyō bunko$v594.
=856  40$3JapanKnowledge$uhttp://japanknowledge.com/lib/display/?lid=80010V0594P0002$yJapanKnowledge Lib
=880  1\$6100-01/{dollar}1$a中村喬,$d1936-
=880  10$6245-02/{dollar}1$a中国の食譜 /$c中村喬編訳.
=880  \\$6250-03/{dollar}1$a初版.
=880  \\$6260-04/{dollar}1$a東京 :$b平凡社,$c1995.
=880  1\$6490-05/{dollar}1$a東洋文庫 ;$v594
=880  0\$6505-06/{dollar}1$a山家清供 / 林洪 -- 居家必用事類全集飮食類 / 欠名 -- 付錄中饋錄 / 浦江呉氏.
=880  1\$6700-00/{dollar}1$a中村喬,$d1936-
=880  \0$6830-07/{dollar}1$a東洋文庫 ;$v594.
=859  \\$aORR$bJapanKnowledge
=CAT  \\$aW1704-1242$b00$c20170509$lBLL01$h0927
=CAT  \\$aBATCH-UPD$b00$c20170509$lBLL01$h0938
=CAT  \\$aW2003-0365$c20200305$lBLL01$h1101
=FIN  \\$aY$d20170509
=SID  \\$aZ30$bOCLC
=SRC  \\$aJapanKnowledge_2017$bJK_OCLC20170203.mrc
=LAS  \\$aW2003-0365$b00$c20200305$lBLL01$h1101

