=LDR  02213 am a22005894i 4500
=001  018338543
=003  Uk
=005  20170106043237.0
=006  m\\\\\o\\d\\\\\\\\
=007  cr\|||||||||||
=008  151214s1999\\\\ja\\\\\\o\\\\\000\0\jpn\d
=FMT  \\$a  BK
=019  \\$a932129383
=020  \\$z4560058229
=020  \\$z9784560058220
=035  \\$a(OCoLC)932129305$z(OCoLC)932129383
=040  \\$aCNEAL$beng$cYUS$dOCLCO$dOCLCF$dUk$erda$epn
=041  1\$ajpn$hfre
=050  \4$aPE1576$b.B53165 1999
=100  1\$aBlanchot, Jean-Jacques,$eauthor.
=240  10$aÉtymologie anglaise.$lJapanese
=245  10$6880-01$aEigo gogengaku /$cJan-Jakku Buransho cho ; Morimoto Hideo, Ōizumi Akio yaku.
=264  \1$6880-02$aTōkyō :$bHakusuisha,$c1999.
=300  \\$a1 online resource.
=336  \\$atext$btxt$2rdacontent
=337  \\$acomputer$bc$2rdamedia
=338  \\$aonline resource$bcr$2rdacarrier
=490  1\$6880-03$aBunko kuseju ;$v822
=500  \\$aTranslation of: L'̌tymologie anglaise.
=588  \\$aDescription based on print version.
=650  \0$aEnglish language$xEtymology.
=650  \7$aEnglish language$xEtymology.$2fast$0(OCoLC)fst00911149
=700  1\$6880-04$aMorimoto, Hideo,$d1934-
=700  1\$6880-05$aŌizumi, Akio.
=773  0\$tJapanKnowledge
=776  08$iPrint version:$tEigo gogengaku.
=830  \0$6880-06$aBunko kuseju$v822.
=856  40$3JapanKnowledge$uhttp://japanknowledge.com/lib/display/?lid=8021008220000$yJapanKnowledge Lib
=880  10$6245-01/{dollar}1$a英語語源学 /$cジャン=ジャック・ブランショ著 ; 森本英夫, 大泉昭夫訳.
=880  \1$6264-02/{dollar}1$a東京 :$b白水社,$c1999.
=880  1\$6490-03/{dollar}1$a文庫クセジュ ;$v822
=880  1\$6700-04/{dollar}1$a森本英夫,$d1934-
=880  1\$6700-05/{dollar}1$a大泉昭夫
=880  \0$6830-06/{dollar}1$a文庫クセジュ ;$v822.
=859  \\$aORR$bJapanKnowledge
=CAT  \\$aW1704-1242$b00$c20170509$lBLL01$h0927
=CAT  \\$aBATCH-UPD$b00$c20170509$lBLL01$h0938
=CAT  \\$aW2003-0365$c20200305$lBLL01$h1101
=FIN  \\$aY$d20170509
=SID  \\$aZ30$bOCLC
=SRC  \\$aJapanKnowledge_2017$bJK_OCLC20170203.mrc
=LAS  \\$aW2003-0365$b00$c20200305$lBLL01$h1101

