=LDR  02106 am a22005534i 4500
=001  018338544
=003  Uk
=005  20170106043237.0
=006  m\\\\\o\\d\\\\\\\\
=007  cr\|||||||||||
=008  151113s1971\\\\ja\\\\\\ob\\\\000\0\jpn\d
=FMT  \\$a  BK
=020  \\$z4560054878
=020  \\$z9784560054871
=035  \\$a(OCoLC)929028891
=040  \\$aWTU$beng$cYUS$dOCLCO$dYUS$dOCLCO$dOCLCF$dOCLCA$dUk$erda$epn
=041  1\$ajpn$hfre
=100  1\$aBrun, Jean,$d1919-1994,$eauthor.
=240  10$aLes Présocratiques.$lJapanese
=245  10$6880-01$aSokuratesu izen no tetsugaku /$cJan Buran cho ; Suzuki Mikiya yaku.
=264  \1$6880-02$aTōkyō :$bHakusuisha,$c1971.
=300  \\$a1 online resource.
=336  \\$atext$btxt$2rdacontent
=337  \\$acomputer$bc$2rdamedia
=338  \\$aonline resource$bcr$2rdacarrier
=490  1\$6880-03$aBunko kuseju ;$v487
=504  \\$aIncludes bibliographical references.
=588  \\$aDescription based on print version.
=650  \0$aPhilosophy, Ancient.
=650  \7$aPhilosophy, Ancient.$2fast$0(OCoLC)fst01060860
=700  1\$6880-04$aSuzuki, Mikiya,$etranslator.
=700  1\$iTranslation of:$aBrun, Jean,$d1919-1994.$tLes Présocratiques.
=773  0\$tJapanKnowledge
=776  08$iPrint version:$tSokrates izen no tetugaku
=830  \0$6880-05$aBunko kuseju$v487.
=856  40$3JapanKnowledge$uhttp://japanknowledge.com/lib/display/?lid=8021004870000$yJapanKnowledge Lib
=880  10$6245-01$aソクラテス以前の哲学 /$cジャン・ブラン著 ; 鈴木幹也訳.
=880  \1$6264-02$a東京 :$b白水社,$c1971.
=880  1\$6490-03$a文庫クセジュ ;$v487
=880  1\$6700-04$a鈴木幹也,$etranslator.
=880  \0$6830-05$a文庫クセジュ ;$v487.
=859  \\$aORR$bJapanKnowledge
=CAT  \\$aW1704-1242$b00$c20170509$lBLL01$h0927
=CAT  \\$aBATCH-UPD$b00$c20170509$lBLL01$h0938
=CAT  \\$aW2003-0365$c20200305$lBLL01$h1101
=FIN  \\$aY$d20170509
=SID  \\$aZ30$bOCLC
=SRC  \\$aJapanKnowledge_2017$bJK_OCLC20170203.mrc
=LAS  \\$aW2003-0365$b00$c20200305$lBLL01$h1101

