=LDR  02465 am a22005897i 4500
=001  018338545
=003  Uk
=005  20170106043238.0
=006  m\\\\\o\\d\\\\\\\\
=007  cr\|||||||||||
=008  100417s1977\\\\ja\\\\\\o\\\\\000\0\jpn\d
=FMT  \\$a  BK
=019  \\$a300503246
=035  \\$a(OCoLC)607673557$z(OCoLC)300503246
=040  \\$aOCLCE$beng$cOCLCE$dOCLCQ$dCUS$dOCLCQ$dOCLCO$dOCLCQ$dOCLCF$dYUS$dOCLCO$dYUS$dOCLCO$dOCLCQ$dYUS$dOCLCO$dUk$epn
=042  \\$adlr
=043  \\$aa-ja---
=050  \4$aDS894.99.N339$bT786 1977
=100  1\$6880-01$aNakagawa, Enryō,$d1795-1862.
=245  10$6880-02$aRakukō kibun :$bTsushima yawa /$cNakagawa Enryō ; Suzuki Tōzō kōchū.
=250  \\$6880-03$aShohan.
=260  \\$6880-04$aTōkyō :$bHeibonsha,$cShōwa 52 [1977]
=300  \\$a1 online resource (2 volumes).
=336  \\$atext$btxt$2rdacontent
=337  \\$acomputer$bc$2rdamedia
=338  \\$aonline resource$bcr$2rdacarrier
=490  1\$6880-05$aTōyō bunko ;$v307-308
=588  0\$aPrint version record.
=650  \7$aTravel.$2fast$0(OCoLC)fst01155558
=651  \0$aTsushima Island (Japan)$xDescription and travel.
=651  \7$aJapan$zTsushima Island.$2fast$0(OCoLC)fst01240786
=700  1\$6880-06$aSuzuki, Tōzō,$d1911-1992
=773  0\$tJapanKnowledge
=776  08$iPrint version:$aNakagawa, Enryō, 1795-1862.$tRakukō kibun.$dTōkyō : Heibonsha, Shōwa 52 [1977]
=830  \0$6880-07$aTōyō bunko$v307-308.
=856  40$3JapanKnowledge Volume 1$uhttp://japanknowledge.com/lib/display/?lid=80010V0307P0002$yJapanKnowledge Lib
=856  40$3JapanKnowledge Volume 2$uhttp://japanknowledge.com/lib/display/?lid=80010V0308P0002$yJapanKnowledge Lib
=880  1\$6100-01/{dollar}1$a中川延良,$d1795-1862.
=880  10$6245-02/{dollar}1$a楽郊紀聞 :$b対馬夜話 /$c中川延良 ; 鈴木棠三校注.
=880  \\$6250-03/{dollar}1$a初版.
=880  \\$6260-04/{dollar}1$a東京 :$b平凡社,$c昭和52 [1977]
=880  1\$6490-05/{dollar}1$a東洋文庫 ;$v307-308
=880  1\$6700-06/{dollar}1$a鈴木棠三,$d1911-1992.
=880  \0$6830-07/{dollar}1$a東洋文庫 ;$v307-308.
=859  \\$aORR$bJapanKnowledge
=CAT  \\$aW1704-1242$b00$c20170509$lBLL01$h0927
=CAT  \\$aBATCH-UPD$b00$c20170509$lBLL01$h0938
=CAT  \\$aW2003-0365$c20200305$lBLL01$h1101
=FIN  \\$aY$d20170509
=SID  \\$aZ30$bOCLC
=SRC  \\$aJapanKnowledge_2017$bJK_OCLC20170203.mrc
=LAS  \\$aW2003-0365$b00$c20200305$lBLL01$h1101

