=LDR  02115 am a22005534i 4500
=001  018338546
=003  Uk
=005  20170106043238.0
=006  m\\\\\o\\d\\\\\\\\
=007  cr\|||||||||||
=008  151113s2008\\\\ja\\\\\\o\\\\\000\0\jpn\d
=FMT  \\$a  BK
=020  \\$z4560509301
=020  \\$z9784560509302
=035  \\$a(OCoLC)929031399
=040  \\$aCNEAL$beng$cYUS$dOCLCO$dYUS$dOCLCO$dOCLCF$dUk$erda$epn
=050  \4$aP306$b.O97165 2008
=100  1\$aOustinoff, Michaël,$eauthor.
=240  10$aTraduction.$lJapanese
=245  10$6880-01$aHon'yaku :$bsono rekishi riron tenbō /$cMikaeru Ustinofu cho ; Hattori Yūichirō yaku.
=264  \1$6880-02$aTōkyō :$bHakusuisha,$c2008.
=300  \\$a1 online resource.
=336  \\$atext$btxt$2rdacontent
=337  \\$acomputer$bc$2rdamedia
=338  \\$aonline resource$bcr$2rdacarrier
=490  1\$6880-03$aBunko kuseju ;$v930
=500  \\$aTranslation of: La traduction.
=588  \\$aDescription based on print version.
=650  \0$aTranslating and interpreting.
=650  \7$aTranslating and interpreting.$2fast$0(OCoLC)fst01154795
=700  1\$6880-04$aHattori, Yūichirō.
=773  0\$tJapanKnowledge
=776  08$iPrint version:$tHon'yaku
=830  \0$6880-05$aBunko kuseju$v930.
=856  40$3JapanKnowledge$uhttp://japanknowledge.com/lib/display/?lid=8021009300000$yJapanKnowledge Lib
=880  10$6245-01/{dollar}1$a翻訳 :$bその歴史・理論・展望 /$cミカエル・ウスティノフ著 ; 服部雄一郎訳.
=880  \1$6264-02/{dollar}1$a東京 :$b白水社,$c2008.
=880  1\$6490-03/{dollar}1$a文庫クセジュ ;$v930
=880  1\$6700-04/{dollar}1$a服部雄一郎.
=880  \0$6830-05/{dollar}1$a文庫クセジュ ;$v930.
=859  \\$aORR$bJapanKnowledge
=CAT  \\$aW1704-1242$b00$c20170509$lBLL01$h0927
=CAT  \\$aBATCH-UPD$b00$c20170509$lBLL01$h0938
=CAT  \\$aBATCH-UPD$b00$c20180325$lBLL01$h2057
=CAT  \\$aW2003-0365$c20200305$lBLL01$h1101
=FIN  \\$aY$d20170509
=SID  \\$aZ30$bOCLC
=SRC  \\$aJapanKnowledge_2017$bJK_OCLC20170203.mrc
=LAS  \\$aW2003-0365$b00$c20200305$lBLL01$h1101

