=LDR  02528 am a22006134i 4500
=001  018338547
=003  Uk
=005  20170106043238.0
=006  m\\\\\o\\d\\\\\\\\
=007  cr\|||||||||||
=008  160115s1991\\\\ja\\\\\\ob\\\\000\0\jpn\d
=FMT  \\$a  BK
=020  \\$z4560057184
=020  \\$z9784560057186
=035  \\$a(OCoLC)934799104
=040  \\$aSTF$beng$cYUS$dOCLCO$dYUS$dOCLCO$dOCLCF$dUk$erda$epn
=041  1\$ajpn$hfre
=050  \4$aMT7.H756$bS6163 1991
=100  1\$aHolstein, Jean-Paul,$d1939-$eauthor.
=240  10$aSolfège.$lJapanese
=245  10$6880-01$aSorufēju /$cJan=Pōru Orusutain cho ; Hachimura Miyoko yaku.
=264  \1$6880-02$aTōkyō :$bHakusuisha,$c1991.
=300  \\$a1 online resource.
=336  \\$atext$btxt$2rdacontent
=337  \\$acomputer$bc$2rdamedia
=338  \\$aonline resource$bcr$2rdacarrier
=490  1\$6880-03$aBunko kuseju ;$v718
=500  \\$aTranslation of: Le solfège. Paris : Presses universitaires de France, 1987.
=504  \\$aIncludes bibliographical references.
=588  \\$aDescription based on print version record.
=650  \0$aSight-singing.
=650  \0$aMusic$xInstruction and study.
=650  \7$aMusic$xInstruction and study.$2fast$0(OCoLC)fst01030347
=650  \7$aSight-singing.$2fast$0(OCoLC)fst01118228
=700  1\$6880-04$aHachimura, Miyoko,$etranslator.
=730  0\$aSolfège.
=773  0\$tJapanKnowledge
=776  08$6880-05$iPrint version:$aHolstein, Jean-Paul, 1939-$sSolfège. Japanese.$tSorufēju.$dTōkyō : Hakusuisha, 1991
=830  \0$6880-06$aBunko kuseju$v718.
=856  40$3JapanKnowledge$uhttp://japanknowledge.com/lib/display/?lid=8021007180000$yJapanKnowledge Lib
=880  10$6245-01$aソルフェージュ /$cジャン=ポール・オルスタイン著 ; 八村美世子訳.
=880  \1$6264-02$a東京 :$b白水社,$c1991.
=880  1\$6490-03$a文庫クセジュ ;$v718
=880  1\$6700-04$a八村美世子,$etranslator.
=880  08$6776-05$iPrint version:$aHolstein, Jean-Paul, 1939-$sSolfège. Japanese.$tソルフェージュ.$d東京 : 白水社, 1991$w(OCoLC)33745341
=880  \0$6830-06$a文庫クセジュ ;$v718.
=859  \\$aORR$bJapanKnowledge
=CAT  \\$aW1704-1242$b00$c20170509$lBLL01$h0927
=CAT  \\$aBATCH-UPD$b00$c20170509$lBLL01$h0938
=CAT  \\$aW2003-0365$c20200305$lBLL01$h1101
=FIN  \\$aY$d20170509
=SID  \\$aZ30$bOCLC
=SRC  \\$aJapanKnowledge_2017$bJK_OCLC20170203.mrc
=LAS  \\$aW2003-0365$b00$c20200305$lBLL01$h1101

