=LDR  03169 am a2200661 a 4500
=001  018338548
=003  Uk
=005  20170106043239.0
=006  m\\\\\o\\d\\\\\\\\
=007  cr\un|||||||||
=008  120202s1977\\\\ja\a\\\\ob\\\\001\0\jpn\d
=FMT  \\$a  BK
=020  \\$z4582803024
=020  \\$z9784582803020
=035  \\$a(OCoLC)774918829
=040  \\$aCUS$beng$cCUS$dOCLCQ$dOCLCF$dOCLCO$dYUS$dOCLCQ$dOCLCO$dYUS$dOCLCO$dOCLCQ$dYUS$dOCLCO$dUk
=043  \\$aa-ja---
=050  \4$aHQ1762$b.O6 1977
=245  00$6880-01$aOnna daigakushū /$cIshikawa Matsutarō hen.
=250  \\$6880-02$aShohan.
=260  \\$6880-03$aTōkyō :$bHeibonsha,$c1977$g(1990 printing)
=300  \\$a1 online resource (iii, 325, 9 pages) :$billustrations.
=336  \\$atext$btxt$2rdacontent
=337  \\$acomputer$bc$2rdamedia
=338  \\$aonline resource$bcr$2rdacarrier
=490  1\$6880-04$aTōyō bunko ;$v302
=504  \\$aIncludes bibliographical references and index.
=505  0\$6880-05$aJoshi o oshiyuru hō (wazoku dōjikun kan no go) / Kaibara Ekiken ; Onna daigaku takarabako -- Jokō hitsudoku onnakun / Takada Yoshiho -- Kinsei onna daigaku -- Bunmeiron onna daigaku -- Shinsen zōho onna daigaku -- Kaisei onna daigaku -- Shinsen onna daigaku / Nishino Kokai -- Onna daigaku hyōron ; Shin onna daigaku / Fukuzawa Yukichi.
=588  0\$aPrint version record.
=650  \0$aEtiquette for women$zJapan.
=650  \0$aWomen$zJapan$xConduct of life.
=650  \0$aWomen$zJapan$xSocial conditions.
=650  \0$aWomen$zJapan.
=650  \7$aEtiquette for women.$2fast$0(OCoLC)fst00916287
=650  \7$aWomen$xConduct of life.$2fast$0(OCoLC)fst01176610
=650  \7$aWomen$xSocial conditions.$2fast$0(OCoLC)fst01176947
=650  \7$aWomen.$2fast$0(OCoLC)fst01176568
=651  \7$aJapan.$2fast$0(OCoLC)fst01204082
=700  1\$6880-06$aIshikawa, Matsutarō,$d1926-2009
=773  0\$tJapanKnowledge
=776  08$iPrint version:$tOnna daigakushū.$bShohan.$dTōkyō : Heibonsha, 1977$z4582803024
=830  \0$6880-07$aTōyō bunko$v302.
=856  40$3JapanKnowledge$uhttp://japanknowledge.com/lib/display/?lid=80010V0302P0002$yJapanKnowledge Lib
=880  00$6245-01/{dollar}1$a女大学集 /$c石川松太郎編.
=880  \\$6250-02/{dollar}1$a初版.
=880  \\$6260-03/{dollar}1$a東京 :$b平凡社,$c1977$g(1990 printing)
=880  1\$6490-04/{dollar}1$a東洋文庫 ;$v302
=880  0\$6505-05/{dollar}1$a女子を教ゆる法 (和俗童子訓卷之五) / 貝原益軒 -- 女大学宝箱 -- 女黌必読女訓 / 高田義甫 -- 近世女大学 -- 文明論女大学 -- 新撰増補女大学 -- 改正女大学 -- 新撰女大学 / 西野古海 -- 女大学評論 ; 新女大学 / 福沢諭吉.
=880  1\$6700-06/{dollar}1$a石川松太郎,$d1926-2009.
=880  \0$6830-07/{dollar}1$a東洋文庫 ;$v302.
=859  \\$aORR$bJapanKnowledge
=CAT  \\$aW1704-1242$b00$c20170509$lBLL01$h0927
=CAT  \\$aBATCH-UPD$b00$c20170509$lBLL01$h0938
=CAT  \\$aW2003-0365$c20200305$lBLL01$h1101
=FIN  \\$aY$d20170509
=SID  \\$aZ30$bOCLC
=SRC  \\$aJapanKnowledge_2017$bJK_OCLC20170203.mrc
=LAS  \\$aW2003-0365$b00$c20200305$lBLL01$h1101

