=LDR  02509 am a22005894i 4500
=001  018338549
=003  Uk
=005  20170106043239.0
=006  m\\\\\o\\d\\\\\\\\
=007  cr\|||||||||||
=008  151113s1961\\\\ja\\\\\\ob\\\\000\0\jpn\d
=FMT  \\$a  BK
=035  \\$a(OCoLC)929028913
=040  \\$aSTF$beng$cYUS$dOCLCO$dYUS$dOCLCO$dOCLCF$dUk$erda$epn
=041  1\$ajpn$hfre
=050  \4$aDC316$b.B68163 1961
=100  1\$aBourgin, Georges,$d1879-1958,$eauthor.
=240  10$aCommune.$lJapanese
=245  10$6880-01$aPari komyūn /$cJoruju Burujan cho ; Uemura Tadashi yaku.
=264  \1$6880-02$aTōkyō :$bHakusuisha,$c1961.
=300  \\$a1 online resource (155, 4 pages).
=336  \\$atext$btxt$2rdacontent
=337  \\$acomputer$bc$2rdamedia
=338  \\$aonline resource$bcr$2rdacarrier
=490  1\$6880-03$aBunko kuseju ;$v309
=500  \\$aTranslation of: La Commune. Paris : Presses universitaires de France, 1953.
=504  \\$aIncludes bibliographical references.
=588  \\$aDescription based on print version record.
=611  27$aCommune (Paris : 1871)$2fast$0(OCoLC)fst01404494
=648  \7$a1871$2fast
=651  \0$aParis (France)$xHistory$yCommune, 1871.
=651  \7$aFrance$zParis.$2fast$0(OCoLC)fst01205283
=655  \7$aHistory.$2fast$0(OCoLC)fst01411628
=700  1\$6880-04$aUemura, Tadashi,$d1924-$etranslator.
=773  0\$tJapanKnowledge
=776  08$6880-05$iPrint version:$aBourgin, Georges, 1879-1958.$sLa Commune. Japanese.$tPari komyūn.$dTōkyō : Hakusuisha, 1961
=830  \0$6880-06$aBunko kuseju$v309.
=856  40$3JapanKnowledge$uhttp://japanknowledge.com/lib/display/?lid=8021003090000$yJapanKnowledge Lib
=880  10$6245-01$aパリ・コミューン /$cジョルジュ・ブルジャン著 ; 上村正訳.
=880  \1$6264-02$a東京 :$b白水社,$c1961.
=880  1\$6490-03$a文庫クセジュ ;$v309
=880  1\$6700-04$a上村正,$d1924-$etranslator.
=880  08$6776-05$iPrint version:$aBourgin, Georges, 1879-1958.$sLa Commune. Japanese.$tパリ・コミューン.$d東京 : 白水社, 1961$w(OCoLC)33642499
=880  \0$6830-06$a文庫クセジュ ;$v309.
=859  \\$aORR$bJapanKnowledge
=CAT  \\$aW1704-1242$b00$c20170509$lBLL01$h0927
=CAT  \\$aBATCH-UPD$b00$c20170509$lBLL01$h0938
=CAT  \\$aW2003-0365$c20200305$lBLL01$h1101
=FIN  \\$aY$d20170509
=SID  \\$aZ30$bOCLC
=SRC  \\$aJapanKnowledge_2017$bJK_OCLC20170203.mrc
=LAS  \\$aW2003-0365$b00$c20200305$lBLL01$h1101

