=LDR  02618 am a2200637 a 4500
=001  018338550
=003  Uk
=005  20170106043239.0
=006  m\\\\\o\\d\\\\\\\\
=007  cr\un|||||||||
=008  120131s1970\\\\ja\ab\\\o\\\\\000\0\jpn\d
=FMT  \\$a  BK
=035  \\$a(OCoLC)774620988
=040  \\$aCUS$beng$cCUS$dOCLCQ$dOCLCA$dOCLCF$dYUS$dOCLCO$dOCLCQ$dYUS$dOCLCO$dOCLCQ$dYUS$dOCLCO$dUk
=043  \\$aa-cb---
=050  \4$aNA1515$b.D45163 1970
=100  1\$aDelaporte, Louis,$d1842-1925.
=240  10$aVoyage au Cambodge.$lJapanese
=245  10$6880-01$aAnkōru tōsakō /$cDoraporuto ; Miyake Ichirō yaku.
=250  \\$6880-02$aShohan.
=260  \\$6880-03$aTōkyō :$bHeibonsha,$cShōwa 45 [1970]
=300  \\$a1 online resource (6, 258 pages) :$billustrations, map.
=336  \\$atext$btxt$2rdacontent
=337  \\$acomputer$bc$2rdamedia
=338  \\$aonline resource$bcr$2rdacarrier
=490  1\$6880-04$aTōyō bunko ;$v162
=588  0\$aPrint version record.
=650  \0$aArchitecture$zCambodia.
=650  \7$aArchitecture.$2fast$0(OCoLC)fst00813346
=650  \7$aTravel.$2fast$0(OCoLC)fst01155558
=650  07$6880-05$aKanbojia-Kikō annaiki.$2jlabsh/4
=650  07$6880-06$aAnkōru watto.$2jlabsh/4
=651  \0$aCambodia$xDescription and travel.
=651  \7$aCambodia.$2fast$0(OCoLC)fst01207659
=700  1\$6880-07$aMiyake, Ichirō,$d1910-
=773  0\$tJapanKnowledge
=776  08$iPrint version:$aDelaporte, Louis, 1842-1925.$sVoyage au Cambodge. Japanese.$tAnkōru tōsakō.$bShohan.$dTōkyō : Heibonsha, Shōwa 45 [1970]
=830  \0$6880-08$aTōyō bunko$v162.
=856  40$3JapanKnowledge$uhttp://japanknowledge.com/lib/display/?lid=80010V0162P0002$yJapanKnowledge Lib
=880  10$6245-01/{dollar}1$aアンコール踏查行 /$cドラポルト ; 三宅一郎訳.
=880  \\$6250-02/{dollar}1$a初版.
=880  \\$6260-03/{dollar}1$a東京 :$b平凡社,$c昭和 45 [1970]
=880  1\$6490-04/{dollar}1$a東洋文庫 ;$v162
=880  07$6650-05/{dollar}1$aカンボジア-紀行・案内記.$2jlabsh/4
=880  07$6650-06/{dollar}1$aアンコール・ワット.$2jlabsh/4
=880  1\$6700-07/{dollar}1$a三宅一郎,$d1910-
=880  \0$6830-08/{dollar}1$a東洋文庫 ;$v162.
=859  \\$aORR$bJapanKnowledge
=CAT  \\$aW1704-1242$b00$c20170509$lBLL01$h0927
=CAT  \\$aBATCH-UPD$b00$c20170509$lBLL01$h0938
=CAT  \\$aBATCH-UPD$b00$c20170509$lBLL01$h0940
=CAT  \\$aW2003-0365$c20200305$lBLL01$h1101
=FIN  \\$aY$d20170509
=SID  \\$aZ30$bOCLC
=SRC  \\$aJapanKnowledge_2017$bJK_OCLC20170203.mrc
=LAS  \\$aW2003-0365$b00$c20200305$lBLL01$h1101

