=LDR  02024 am a22005534i 4500
=001  018338551
=003  Uk
=005  20170106043239.0
=006  m\\\\\o\\d\\\\\\\\
=007  cr\|||||||||||
=008  151214s1970\\\\ja\\\\\\\\\\\\001\0\jpn\d
=FMT  \\$a  BK
=035  \\$a(OCoLC)932129185
=040  \\$aYUS$beng$cYUS$dOCLCO$dOCLCF$dUk$erda$epn
=041  1\$ajpn$hfre
=050  \4$aP221
=100  1\$aMalmberg, Bertil,$d1913-
=240  10$aPhonétique.$lJapanese
=245  10$6880-01$aOnseigaku /$cBerutiru Marunberi cho ; Ōhashi Yasuo yaku.
=250  \\$6880-02$aKaitei shinpan.
=264  \1$6880-03$bHakusuisha,$c1970.
=300  \\$a1 online resource.
=336  \\$atext$btxt$2rdacontent
=337  \\$acomputer$bc$2rdamedia
=338  \\$aonline resource$bcr$2rdacarrier
=490  1\$6880-04$aBunko kuseju ;$v266
=500  \\$aTranslation of: La phonétique, originally published in series: Que sais-je ; no. 637.
=588  \\$aDescription based on print version.
=650  \0$aPhonetics.
=650  \7$aPhonetics.$2fast$0(OCoLC)fst01061262
=700  1\$6880-05$aŌhashi, Yasuo,$d1929-
=773  0\$tJapanKnowledge
=776  08$iPrint version:$tOnseigaku.
=830  \0$6880-06$aBunko kuseju$v266.
=856  40$3JapanKnowledge$uhttp://japanknowledge.com/lib/display/?lid=8021002660000$yJapanKnowledge Lib
=880  10$6245-01/{dollar}1$a音声学 /$cベルティル. マルンベリ著 ; 大橋保夫訳.
=880  \\$6250-02/{dollar}1$a改訂新版.
=880  \1$6264-03/{dollar}1$a東京 :$b白水社,$c1970.
=880  1\$6490-04/{dollar}1$a文庫クセジュ ;$v266
=880  1\$6700-05/{dollar}1$a大橋保夫,$d1929-
=880  \0$6830-06/{dollar}1$a文庫クセジュ ;$v266.
=859  \\$aORR$bJapanKnowledge
=CAT  \\$aW1704-1242$b00$c20170509$lBLL01$h0927
=CAT  \\$aBATCH-UPD$b00$c20170509$lBLL01$h0938
=CAT  \\$aW2003-0365$c20200305$lBLL01$h1101
=FIN  \\$aY$d20170509
=SID  \\$aZ30$bOCLC
=SRC  \\$aJapanKnowledge_2017$bJK_OCLC20170203.mrc
=LAS  \\$aW2003-0365$b00$c20200305$lBLL01$h1101

