=LDR  02740 am a22006617a 4500
=001  018338552
=003  Uk
=005  20170106043240.0
=006  m\\\\\o\\d\\\\\\\\
=007  cr\|||||||||||
=008  110413s1977\\\\ja\\\\\\o\\\\\001\0djpn\d
=FMT  \\$a  BK
=035  \\$a(OCoLC)712612131
=040  \\$aOCLCE$beng$cOCLCE$dCUS$dOCLCQ$dOCLCA$dOCLCF$dOCLCQ$dOCLCO$dYUS$dOCLCO$dYUS$dOCLCO$dOCLCQ$dOCLCO$dYUS$dOCLCO$dUk$epn
=042  \\$adlr
=043  \\$aa-cc---
=050  \4$aND1040$b.C49616
=100  1\$6880-01$aZhang, Yanyuan,$dactive 9th century
=240  10$6880-02$aLi tai ming hua chi.$lJapanese
=245  10$6880-03$aRekidai meigaki /$cChō Gen'en [sen] ; Nagahiro Toshio yakuchū.
=250  \\$6880-04$aShohan.
=260  \\$6880-05$aTōkyō :$bHeibonsha,$cShōwa 52 [1977]
=300  \\$a1 online resource (2 volumes).
=336  \\$atext$btxt$2rdacontent
=337  \\$acomputer$bc$2rdamedia
=338  \\$aonline resource$bcr$2rdacarrier
=490  1\$6880-06$aTōyō bunko ;$v305, 311
=500  \\$aIncludes index.
=588  0\$aPrint version record.
=650  \0$aPainters$zChina$vBiography.
=650  \0$aPainting, Chinese.
=650  \7$aPainters.$2fast$0(OCoLC)fst01050530
=650  \7$aPainting, Chinese.$2fast$0(OCoLC)fst01050737
=651  \7$aChina.$2fast$0(OCoLC)fst01206073
=655  \7$aBiography.$2fast$0(OCoLC)fst01423686
=700  1\$6880-07$aNagahiro, Toshio,$d1905-1990
=773  0\$tJapanKnowledge
=776  08$iPrint version:$aZhang, Yanyuan, 9th cent.$sLi tai ming hua chi. Japanese.$tRekidai meigaki.$dTōkyō : Heibonsha, Shōwa 52 [1977]
=830  \0$6880-08$aTōyō bunko$v305, 311.
=856  40$3JapanKnowledge Volume 1$uhttp://japanknowledge.com/lib/display/?lid=80010V0305P0002$yJapanKnowledge Lib
=856  40$3JapanKnowledge Volume 2$uhttp://japanknowledge.com/lib/display/?lid=80010V0311P0002$yJapanKnowledge Lib
=880  1\$6100-01/{dollar}1$a張彥遠,$dactive 9th century.
=880  10$6240-02/{dollar}1$a歴代名画記.$lJapanese
=880  10$6245-03/{dollar}1$a歴代名画記 /$c張彥遠[撰] ; 長廣敏雄訳注.
=880  \\$6250-04/{dollar}1$a初版.
=880  \\$6260-05/{dollar}1$a東京 :$b平凡社,$c昭和52 [1977]
=880  1\$6490-06/{dollar}1$a東洋文庫 ;$v305, 311
=880  1\$6700-07/{dollar}1$a長廣敏雄,$d1905-
=880  \0$6830-08/{dollar}1$a東洋文庫 ;$v305, 311.
=859  \\$aORR$bJapanKnowledge
=CAT  \\$aW1704-1242$b00$c20170509$lBLL01$h0927
=CAT  \\$aBATCH-UPD$b00$c20170509$lBLL01$h0938
=CAT  \\$aBATCH-UPD$b00$c20170509$lBLL01$h0940
=CAT  \\$aW2003-0365$c20200305$lBLL01$h1101
=FIN  \\$aY$d20170509
=SID  \\$aZ30$bOCLC
=SRC  \\$aJapanKnowledge_2017$bJK_OCLC20170203.mrc
=LAS  \\$aW2003-0365$b00$c20200305$lBLL01$h1101

